3136 4948
454 337 506 391 nu
526 335 708 392 ιιιιιοιιιι
731 334 842 398 suuni
866 336 1041 392 ιιιοιιιι.
1093 341 1095 346 ·
1243 323 1289 397 ιιι

194 489 273 558 sitis
282 487 391 556 'etiam
400 507 446 554 ex
459 489 640 568 divisione,
654 507 731 572 quae
746 489 783 562 in
802 489 865 556 tali
878 489 1011 572 negotio
1026 495 1162 574 tempus
1175 490 1286 574 patio·

146 625 148 630 ·
195 580 304 669 baton,
318 609 436 658 navem
452 590 744 658 ascenderefaeit:
788 589 858 656 Ubi
871 589 1285 675 sinshaesiuuonelegen·

196 692 276 756 dum
290 710 423 768 censeo,
437 689 600 774 impositis,
639 691 708 768 lta,
724 708 759 754 v.
773 691 835 756 12.
851 694 862 731 ι
874 689 1000 769 Graeci,
1021 692 1080 762 ubi
1092 697 1212 760 cuneta
1223 711 1285 760 nas

137 781 139 788 ’
194 791 292 856 vibus
306 792 463 874 imposita
475 796 564 867 suut,
579 791 623 854 ad
637 791 773 872 Sigeum
788 787 969 868 secedunt,'
983 796 1018 854 et
1032 806 1082 856 v1.
1100 790 1131 854 1.
1158 794 1170 826 ‘
1183 790 1287 872 Post«,

194 891 489 976 qnam'impositis,
502 909 580 974 quae
601 890 722 974 singuli
746 891 838 960 bello
853 889 1090 973 quaesiverant,
1101 890 1284 960 ascendere

193 992 282 1076 ipsi!

198 1153 201 1158 .
237 1109 274 1162 1.:
285 1095 316 1160 6.
341 1093 442 1160 ‘Non
458 1113 495 1158 se
510 1091 658 1175 ignorare
670 1093 728 1169 ait,
737 1091 871 1175 quantis
887 1093 1085 1159 mortalibus
1100 1097 1170 1160 tom
1185 1099 1289 1164 atrox·
1389 1149 1395 1160 .

191 1196 324 1266 facinus
348 1195 610 1278 indignationem
631 1191 811 1258 incuteret!
854 1192 999 1260 Deoeret
1018 1193 1092 1261 haeo
1117 1194 1285 1262 consessio

192 1297 365 1360 Priamum
379 1303 440 1360 aut
454 1297 634 1380 Troianum
653 1295 856 1379 qnempiam,
870 1295 1061 1377 neutiquam
1074 1313 1152 1362 vero
1175 1295 1286 1380 Legae

191 1403 260 1464 tum
282 1395 488 1486 Graecorum,
503 1383 713 1462 adcusantem
733 1396 770 1463 id
791 1395 932 1460 facinus.
977 1392 1195 1478 Quapropter
1214 1417 1285 1464 ma·

191 1497 372 1574 limsaue,
400 1517 462 1566 nen
483 1517 571 1581 posse
592 1496 745 1583 ignorari,
775 1497 840 1572 vel,
865 1496 896 1563 si
918 1494 1014 1572 velis,
1034 1494 1192 1580 ignorare,
1215 1499 1285 1564 eoi.

191 1599 273 1664 licet
296 1617 369 1675 eos,
398 1598 442 1665 ad
464 1617 550 1682 quos
574 1599 678 1664 verba
700 1597 794 1662 iacit.
836 1596 894 1662 Sio
917 1611 957 1660 ιι.
976 1594 1029 1660 23.
1064 1595 1214 1683 §Neque
1232 1601 1285 1682 ig-

189 1708 306 1764 norare
321 1717 524 1786 quenquam,
539 1698 569 1762 si
584 1703 653 1764 tam
668 1705 766 1766 atrox
787 1697 909 1782 injuria
923 1695 1099 1780 probanda
1114 1697 1172 1778 sit,
1187 1699 1284 1780 iore,'

214 1929 217 1941 ν
198 1899 363 1972 Ibidem
373 1902 551 1984 respondet
566 1899 736 1976 Priamus,
758 1899 927 1982 ‘iniquum
941 1898 1075 1968 videtur
1095 1899 1283 1968 insimulari

191 2019 278 2078 eum,
288 2001 354 2086 qui
375 2001 474 2078 absit,
500 2001 647 2066 maxime
670 2019 747 2066 oum
769 1998 840 2064 fieri
864 2000 989 2083 possit,
1005 2001 1057 2068 uti
1081 2002 1284 2084 qumorimi-

188 2120 270 2169 uose
282 2102 418 2198 objecta
439 2107 525 2178 sunt,
548 2101 718 2184 praesenti
728 2099 927 2164 refutatione
948 2101 1138 2169 diluantur!
1181 2101 1282 2184 Quis,

188 2203 254 2276 ubi
264 2205 410 2268 animum
422 2202 574 2280 attendit,
582 2221 650 2266 non
665 2201 779 2266 videat
790 2200 979 2281 legendum,
988 2197 1175 2282 presentis?

199 2319 258 2370 ι.
272 2304 305 2368 8.
320 2302 475 2384 ‘Reguli
489 2297 1285 2386 repenteeoncilmm’(vel‘censi1ium:’erat

187 2401 276 2472 enim
298 2403 534 2486 nonPopnli,
553 2391 640 2472 s'ed‘
655 2399 795 2478 seunm,'
815 2417 901 2483 quos
925 2399 1040 2464 Rex‘
1052 2401 1281 2485 conduxerat,

186 2505 251 2570 hoo
266 2509 330 2583 est,
353 2502 519 2586 oo'egerat,
541 2511 575 2569 et
597 2501 819 2570 ‘consulebat
827 2499 853 2584 ’)
875 2501 1089 2586 ‘irrumpunt'
1104 2507 1206 2587 atque
1228 2507 1281 2574 iu.

186 2605 327 2674 conditis
343 2605 501 2672 ¹'moribus
523 2603 648 2672 malum
671 2602 811 2685 singulis
829 2602 1046 2673 minitantur?
1089 2605 1171 2674 Soio
1186 2611 1281 2692 equi-

187 2705 262 2770 dem
275 2705 376 2770 etiam
391 2709 401 2742 ⁴
414 2703 607 2770 inconditos
619 2701 748 2771 mores'
770 2698 850 2780 dici,
865 2703 968 2768 etiam
983 2705 1028 2774 ab
1050 2713 1186 2775 auctore
1200 2729 1282 2776 uos-

184 2812 259 2876 tro..
292 2807 361 2875 Sed
382 2811 415 2874 et
428 2805 562 2874 memini
586 2806 693 2872 hosce
707 2805 804 2886 ipsos
818 2805 952 2886 regulos
966 2806 1073 2888 paulo
1092 2814 1168 2877 anta
1194 2813 1205 2854 ⁴
1216 2812 1285 2878 lin·¹

185 2909 486 2993 guamaribusque
513 2905 695 2974 barbaros'
718 2907 861 2992 vocari.
884 2896 1012 2975 Nihilo'
1031 2915 1160 2980 tamen
1167 2914 1281 2980 miuus

184 3010 263 3076 buin
275 3009 354 3078 loco
375 3019 412 3076 et
431 3011 526 3074 bisce
541 3007 860 3078 comminationibus
881 3008 983 3090 longe
999 3009 1133 3078 videtur
1153 3033 1281 3100 oppor-

185 3113 307 3190 tunius,
331 3111 534 3180 ‘inconditis
556 3110 784 3188 elamoribus,'
806 3110 976 3194 quomodo
989 3117 1024 3180 et
1046 3113 1132 3182 infra
1152 3131 1209 3181 ιιι.
1224 3117 1280 3187 10.

185 3215 344 3300 loquitor.
1280 3256 1283 3272 ·

194 3333 257 3381 ι.
270 3317 314 3380 9
325 3315 427 3380 ‘Rex
440 3315 574 3381 hortatu
589 3313 743 3386 Hecubae
757 3313 802 3382 ad
818 3313 988 3380 Helenam
1002 3313 1094 3380 adit!
1116 3313 1187 3384 Hic
1198 3335 1281 3390 vesp

184 3416 359 3499 legendum
367 3415 553 3493 videbatur,
562 3415 691 3496 ‘Regis
704 3414 836 3481 hortatu
850 3411 1019 3482 Hecuba?
1064 3413 1156 3481 Nam
1177 3422 1214 3482 ιιι
1227 3421 1282 3484 ta·
1282 3477 1285 3485 .

186 3533 296 3592 ceam,
310 3514 416 3596 magis
430 3513 587 3578 decorum
601 3533 692 3592 esse,
710 3519 750 3584 ιιι
775 3513 955 3595 Helenam
965 3532 1093 3580 recens
1100 3515 1285 3586 aduenien

163 3611 166 3616 ’
185 3623 255 3686 tem'
274 3615 384 3682 aditet
407 3613 539 3697 aesna
562 3633 697 3693 socrus,
705 3631 807 3698 quam
821 3613 915 3686 solus
941 3613 1282 3696 aeneasannos
1263 3653 1284 3686 .

186 3717 335 3784 dandum
349 3717 395 3780 ita
410 3714 586 3780 videbatur
600 3713 656 3788 ,vel
680 3715 838 3792 maxime,
853 3715 931 3799 quia
945 3716 1065 3788 statim
1080 3725 1161 3801 post
1175 3721 1283 3791 boone
1312 3781 1315 3794 .
1411 3798 1415 3806 ,

185 3819 392 3906 oolloquium
409 3815 653 3896 esm‘flelena,
666 3815 957 3902 subjicita'uotm3
979 3817 1107 3900 ‘igitur
1119 3819 1276 3901 Hecuba,

186 3910 981 4010 emensasqueemensasque
1003 3918 1138 3990 Helena
1149 3919 1199 3990 win
1215 3921 1275 3990 illo

184 4022 358 4108 colloquio
375 4027 569 4104 negaverat,
594 4021 760 4093 ‘sumans
775 4021 912 4106 opibus
922 4034 926 4092 j
937 4018 1188 4092 adnitendum..
1206 4022 1283 4094 sed.

186 4132 308 4204 tamen,
333 4116 495 4208 Malelam
508 4141 594 4192 =eum
602 4123 755 4204 nonfero,
771 4129 840 4191 tum
856 4143 932 4194 ,vero
947 4121 1169 4206 explicandus
1185 4123 1277 4196 nido·-
