3136 4948
270 372 315 438 2⁴¹
534 387 614 436 ΜΟ.
637 387 829 435 rantzortrt
856 387 1104 461 DlSHth'l'd'l'lC

253 528 377 606 ,Nera
397 548 496 611 ecque
519 549 559 595 ac
583 531 640 594 ille
665 529 836 606 Claudius,
859 528 992 592 Claudii
1009 527 1155 592 Neronis
1171 529 1367 594 nominibus

270 630 637 714 irrumpentesque
652 629 783 694 nomina
797 636 833 694 et
851 630 884 692 in
907 629 971 692 bec
993 627 1149 694 Historia
1173 631 1266 712 apud
1289 630 1368 695 Ha·

270 729 372 795 lelum
386 731 495 813 priore
508 732 585 796 loco
594 731 714 815 juncta
727 732 942 814 reperiuntur,
955 727 1056 814 cipite,
1070 730 1193 811 inquit,
1201 731 1247 792 iri
1263 739 1368 795 uasa

270 822 471 915 classim
493 829 642 906 narratae
665 834 692 895 ir
714 831 854 917 κιβωτίῳ,
881 833 1073 896 ‘inventum
1097 830 1171 894 est'
1192 832 1256 896 hoc
1276 852 1365 916 opus

268 931 414 1016 Dictyos
431 938 599 1018 ‘tempore
618 933 754 999 Claudii
770 934 915 998 Neronis
933 932 1163 1017 Imperatoris,
1178 933 1211 995 iu
1227 933 1366 996 arcula!

269 1031 361 1100 Hinc
370 1033 444 1116 jam
458 1035 596 1113 lactum,
612 1042 650 1099 nt
662 1037 864 1118 posteriores
880 1034 1043 1112 Graeculi,
1055 1051 1121 1097 unc
1132 1033 1175 1097 ad
1184 1033 1366 1114 designan-

269 1131 348 1196 dum
370 1133 721 1218 hunclmperatorem
745 1135 930 1200 defuncturi
952 1135 1095 1210 nomine,
1111 1134 1203 1216 prius
1223 1134 1367 1216 potissi-

268 1250 361 1296 mum
385 1236 594 1317 arripuerint,
610 1240 643 1298 et
661 1233 841 1299 Claudium
855 1235 1050 1317 simpliciter
1065 1231 1220 1311 dixerint,
1235 1241 1273 1298 ot
1286 1235 1366 1317 ipse

268 1331 349 1398 fucit
364 1332 715 1418 Mulelasposteriore
736 1337 825 1412 loco,
841 1336 900 1418 qni
922 1341 1030 1399 tamen
1052 1339 1123 1398 erut
1138 1334 1240 1400 Nero.
1287 1335 1368 1399 Fre·

269 1448 378 1515 quens
399 1435 455 1499 hic
477 1453 568 1500 error
581 1437 681 1500 etiam
704 1435 794 1519 apud
810 1437 949 1500 Latinos
966 1435 1166 1518 Scriptores,
1180 1454 1225 1500 ex
1246 1436 1366 1502 iisdem

272 1532 490 1612 diuersorum,
507 1537 568 1601 sed
583 1537 824 1620 proximorum,
840 1535 1083 1620 Imperatorum
1105 1537 1298 1600 nominibus
1311 1555 1367 1600 or-

268 1637 336 1698 tus.
380 1633 461 1718 Ipse
477 1635 659 1701 Suetonius
686 1637 734 1700 ita
759 1637 887 1702 Neroni
910 1637 1025 1701 tribuit
1046 1637 1079 1699 in
1101 1636 1174 1720 ejus
1195 1637 1264 1700 vita
1285 1652 1365 1719 cap.

268 1733 322 1797 17.
344 1753 422 1817 quae
446 1736 580 1801 Claudii
606 1743 710 1801 erant.
752 1737 844 1801 Vide
865 1736 1149 1818 elegantissimum
1173 1737 1366 1800 Brumrneri

269 1832 551 1900 Commentarium
575 1837 618 1902 a'd
641 1839 682 1902 L.
698 1835 863 1914 Cinciam,
879 1855 953 1920 cap.
975 1839 1008 1900 5.
1051 1835 1146 1915 Quin
1168 1838 1258 1920 quod
1285 1857 1367 1920 pro·

268 1934 347 2017 pius
362 1935 507 2015 accedit,
521 1957 621 2002 nuum
640 1939 797 2020 idemque
819 1938 947 2002 SCtum
962 1945 1115 2020 ternpore
1132 1936 1277 2000 Neronis
1291 1938 1366 2002 fac·-

268 2041 352 2112 tnm,
373 2035 500 2118 injure
522 2037 676 2102 Romano
698 2038 798 2102 modo
820 2035 1054 2115 Claudianum,
1077 2038 1177 2101 ruodo
1200 2037 1368 2102 Neronia·

267 2153 359 2214 num,
373 2135 510 2216 dicitnr,
525 2138 704 2203 utdocuit
725 2138 766 2202 P.
783 2138 905 2216 Faber,
921 2139 1137 2203 Semestrium
1154 2139 1211 2202 lib.
1230 2156 1257 2203 1.
1287 2157 1365 2223 cap.

267 2235 326 2300 ult.
371 2237 494 2320 Neque
509 2240 645 2304 aliunde
668 2241 800 2306 videtur
815 2248 935 2318 ortum,
951 2240 1040 2322 qnod
1063 2241 1160 2305 toties
1186 2239 1364 2306 Hadriano

266 2337 464 2419 simpliciter
492 2341 717 2417 ascribuntur,
742 2359 820 2424 quae
848 2342 892 2404 ab
918 2339 1088 2404 Antonino
1102 2339 1167 2403 Pio
1192 2341 1270 2404 sunt
1284 2359 1363 2424 prou

264 2435 368 2514 tecta,
383 2438 665 2518 (vide-Bertrandi
680 2440 780 2504 Vitas
796 2441 818 2504 J
821 2439 960 2505 Ctornm
976 2439 1011 2504 in
1027 2437 1146 2524 Gaio)
1166 2460 1265 2523 quum
1281 2441 1365 2524 qnia

266 2557 330 2620 per
344 2537 562 2620 adoptionem
575 2538 740 2604 Antonini
763 2543 805 2605 ab
821 2541 995 2606 Hadriano
1010 2541 1134 2606 iactam
1155 2542 1221 2606 hoc
1237 2541 1363 2607 Hadri-

263 2638 325 2702 ani
345 2657 466 2702 nomen
488 2638 643 2704 Antonini
663 2639 721 2704 ¹Pii
742 2643 895 2722 genuinis
909 2642 1100 2707 nominibus
1117 2642 1198 2707 addi
1218 2649 1253 2707 et
1275 2663 1362 2726 prar-

266 2739 358 2804 ruitti
368 2739 505 2804 solebat.
549 2738 630 2818 Qua
640 2739 755 2806 eadem
766 2761 900 2824 prorsus
910 2744 1038 2807 ratione
1050 2743 1151 2806 etiam
1165 2742 1362 2808 Hadrianus

264 2858 359 2922 serpe
373 2839 511 2924 TroJani
532 2842 662 2905 nomine
676 2841 880 2926 designatur,
897 2851 935 2908 ut
959 2843 1105 2908 ostendit
1128 2843 1299 2926 Repertus
1315 2845 1360 2908 ad

267 2939 502 3024 Pomponium,
517 2939 558 3004 dc
574 2939 632 3008 Or.
644 2941 732 3025 juris
745 2963 823 3028 pag.
839 2945 891 3010 16.
907 2945 1027 3009 1218.

312 3053 347 3100 v.
369 3037 472 3117 Quod
496 3045 605 3105 antem
629 3042 721 3106 Nero
742 3045 869 3126 potins,
885 3065 985 3127 qnam
1007 3044 1174 3110 Claudius
1193 3043 1289 3108 fuerit
1316 3047 1359 3123 is,

266 3139 325 3223 qui
338 3140 373 3203 in
383 3139 449 3204 beo
464 3140 619 3206 Historia
629 3153 842 3222 memoratur,
855 3147 889 3210 id
903 3165 980 3211 vero
994 3163 1061 3210 non
1076 3153 1207 3211 tantum
1215 3165 1259 3210 ex
1273 3147 1360 3230 Sep-

266 3240 361 3304 timio
379 3246 492 3306 nostro
513 3242 629 3325 liquet,
645 3247 704 3327 qni
726 3246 847 3311 diserte
875 3247 1044 3312 Neronem
1068 3248 1231 3323 nominat,
1246 3248 1311 3316 sed
1322 3257 1362 3314 et

264 3342 437 3425 probabile
449 3347 564 3406 estex
580 3364 633 3422 eo,
649 3348 736 3434 qnod
761 3348 906 3413 Malelas
919 3369 998 3432 pag.
1012 3347 1088 3413 322.
1110 3365 1259 3431 reqne‘ec
1274 3349 1358 3431 Sep

265 3433 392 3520 timius,
412 3443 641 3511 tertiodecimo
656 3446 873 3531 Imperatoris
888 3469 976 3515 anno
991 3450 1118 3533 Dictyn
1132 3450 1221 3513 bunc
1243 3449 1358 3514 inven-

260 3551 336 3606 tum
348 3549 383 3606 et
396 3543 558 3624 prolatum
574 3547 631 3624 ait,
645 3547 753 3631 idque
771 3559 850 3632 post
871 3551 1004 3616 cladem
1023 3569 1083 3613 seu
1105 3555 1202 3614 terrae
1218 3558 1358 3628 motum,

265 3660 333 3726 qno
347 3644 489 3722 moriter
509 3645 635 3712 afflicta
655 3654 734 3714 tnnc
756 3650 985 3716 fuerit'Creta.
1024 3650 1081 3715 ·Eu
1103 3657 1215 3714 antem
1230 3652 1356 3732 optime

264 3742 462 3806 conveniunt
476 3741 511 3808 in
517 3746 618 3842 illum
634 3769 700 3813 uon
716 3749 862 3829 Claudii,
876 3752 938 3816 sed
956 3751 1103 3816 Neronis
1117 3769 1250 3815 anunm.
1282 3749 1355 3814 Ne-

263 3863 301 3908 ro
312 3845 410 3921 enim,
424 3851 542 3910 uteret
556 3847 700 3914 Musicis
715 3849 908 3917 Graecornm
922 3853 1047 3918 artibus
1062 3851 1106 3916 ad
1117 3851 1283 3915 insaniam
1298 3869 1356 3919 ue·

263 3963 329 4026 qne
343 3943 487 4022 deditus,
501 3947 677 4027 profectus
691 3959 741 4020 est
757 3970 799 4014 eo
812 3971 899 4017 anno
913 3954 949 4018 in
962 3952 1144 4030 Graeciam,
1160 3958 1197 4016 et
1209 3971 1270 4036 per
1284 3958 1356 4017 om·

256 4044 320 4108 nia
333 4043 432 4109 isthic
455 4044 608 4111 ludorum
625 4053 809 4117 certamina
820 4073 861 4118 ac
876 4055 1084 4138 spectacula,
1099 4054 1134 4120 in
1148 4071 1252 4116 unum
1265 4053 1354 4118 lrnnc

257 4153 385 4210 'mnnm
397 4145 554 4212 consulto
569 4149 623 4214 vel
634 4149 736 4235 jussu
748 4155 858 4238 ipsius
873 4162 1004 4235 coacta,
1018 4151 1197 4221 circumiit.
1241 4151 1356 4231 Quam
