3136 4948
439 393 487 441 ns
511 363 823 444 ursromn'esunr
848 374 1021 448 rnornnr.
1222 384 1266 457 tl
1324 441 1332 454 ,

171 591 176 606 .
217 561 364 614 xxxrv.
387 545 481 624 Quid
493 547 598 628 ergoi
620 545 795 612 Familiam
816 547 902 616 hunc
925 550 975 616 sic
1000 549 1266 634 cgo'crdinaves

171 648 249 726 rim,
263 648 378 736 sodex
393 647 598 732 conjectura,
620 653 658 712 ut
677 656 762 731 puto
775 655 895 728 tamen,
910 651 1097 735 probabili..
1132 652 1266 722 Primus

172 749 211 818 in
225 769 267 814 ea
280 751 330 814 vir
343 749 483 814 illustris
495 749 559 814 fuit
571 749 617 827 Q.
630 750 787 830 Aradios
803 749 960 828 Rufinus,
974 751 1165 817 Praet'ectus
1179 753 1264 832 urbi,

172 853 275 916 Anno
292 866 397 914 nevi.
423 859 458 915 et
481 867 611 916 nexu.
636 853 695 934 qui
722 851 809 918 male
831 853 867 916 in
888 852 1002 916 libello
1024 852 1263 922 Praefeetorum

173 951 280 1028 urbis,
295 951 397 1015 modo
417 949 567 1015 Eraclius
579 951 736 1030 Rufinus,
744 953 843 1018 modo
858 953 1039 1018 Heraclius
1050 952 1131 1017 Rus.
1142 959 1176 1022 et
1187 956 1265 1024 ides
1374 1009 1378 1020 .

168 1052 218 1126 ¹ab
245 1049 390 1114 onufrio
420 1051 519 1116 etiam
540 1051 657 1135 'pejus
685 1052 866 1120 Heraclius
897 1053 1042 1118 Rufinus
1066 1056 1267 1126 nominatur.

173 1150 208 1214 V
210 1151 265 1215 ide
279 1151 301 1216 J
304 1157 431 1216 oretum
445 1152 491 1220 ad
505 1151 699 1226 Auctarium
715 1154 907 1236 Symmachi
918 1155 983 1238 Ep.
1000 1171 1026 1226 r.
1071 1155 1165 1234 idem
1182 1155 1268 1222 Con·

174 1252 231 1318 sul
246 1252 376 1318 videtur
389 1251 493 1318 fuisse
505 1251 595 1318 ¹Anni
612 1268 782 1326 nuxvnl.
792 1274 857 1320 non
870 1261 976 1320 autom
988 1255 1045 1322 ille
1055 1255 1099 1334 Q.
1115 1257 1173 1330 Ar.
1186 1257 1267 1322 Rus.

172 1350 256 1422 ilai.
273 1351 450 1431 Proculus,
464 1357 503 1419 ut
518 1354 589 1420 volt
604 1353 776 1434 Onufrius,
797 1361 830 1420 et
845 1356 913 1422 alii.
952 1356 1048 1425 Nam
1063 1355 1195 1422 Consul
1203 1359 1276 1422 iste

173 1457 222 1519 ab
244 1455 403 1534 Eusebio,
425 1453 643 1533 Cassiodorus
656 1460 716 1522 doc.
739 1476 808 1521 non
831 1441 1008 1535 Proculus,
1031 1457 1092 1525 scd
1122 1457 1267 1530 Rufinus

173 1555 520 1639 simpliciter'dioitur.
561 1557 719 1640 'Denique
734 1557 790 1622 hic
807 1563 860 1624 est
877 1559 934 1646 ille
949 1558 1096 1630 Aradios
1113 1558 1268 1636 Rufinus,

113 1693 122 1707 s
174 1675 277 1738 quem
292 1655 344 1722 his
357 1657 544 1725 nomnibus
558 1658 707 1725 celebrat
721 1658 943 1742 Symmachus
957 1657 1059 1724 Pater
1083 1660 1117 1724 in
1142 1657 1268 1730 Aucta-

174 1759 229 1828 rio
246 1758 307 1842 Ep.
322 1776 345 1823 1.
361 1759 491 1823 addans
505 1757 550 1823 ad
560 1765 756 1842 extremum,

306 1859 534 1947 Principibus,
549 1880 690 1942 quorum
704 1861 841 1944 viguisti
855 1867 1016 1946 tempore,
1028 1861 1151 1926 doctus
1256 1910 1259 1920 .

174 1991 176 2000 ι
192 1959 194 1965 ’
304 1960 375 2024 Aut
390 1961 536 2026 calcaria
549 1962 633 2026 serre'
645 1961 753 2039 boniS,
762 1963 831 2026 'aut
845 1963 952 2027 ir'aena
967 1965 1130 2048 tyrannis.

174 2053 336 2144 intelligit
350 2069 461 2126 autem
476 2081 592 2126 omnes
611 2063 690 2126 illos
708 2063 883 2146 Principes
897 2072 932 2127 et
947 2064 1112 2144 Caesares,
1124 2063 1183 2145 qui
1197 2066 1270 2136 suc·

176 2171 255 2229 runt
266 2165 348 2228 inter
364 2163 612 2226 Diocletianum
626 2167 660 2224 et
674 2161 925 2225 Constantinum
942 2163 1114 2243 Magnum,
1129 2181 1270 2243 quorum

174 2265 326 2328 omnium
347 2269 490 2347 tempore
514 2261 621 2342 viguit
646 2279 763 2326 revera
785 2261 840 2324 hic
862 2261 974 2338 homo,
1000 2267 1060 2326 ‘ex
1081 2262 1195 2326 roina'
1218 2263 1270 2327 id·

172 2366 271 2432 circo
293 2365 474 2448 ‘proxime
495 2361 752 2445 aetatis,’.-quam
766 2367 893 2444 patrem
908 2381 1004 2425 suum
1023 2363 1098 2426 istis
1118 2363 1271 2426 carmini-

174 2469 242 2532 bus
269 2470 280 2502 ‘
286 2461 496 2537 illuminare?
522 2463 570 2526 ait
584 2454 672 2528 tilius
693 2462 926 2546 Symmachus,
943 2463 988 2526 ah
1008 2461 1070 2526 illo
1084 2468 1188 2549 patre,
1211 2463 1271 2547 qui

175 2567 286 2632 notuit
306 2568 369 2632 sun
382 2565 588 2630 Constantio
610 2570 643 2628 et
663 2563 817 2641 Juliano,
830 2563 1036 2647 repetendus.
1081 2563 1175 2627 Huic
1197 2563 1270 2628 Ru.

178 2667 246 2732 lino
270 2661 426 2751 pre'xima
439 2665 683 2730 necessitudine
694 2665 833 2748 junctus
846 2665 952 2728 inisse
966 2663 1098 2730 videtur
1112 2657 1270 2730 Valerius

179 2767 356 2847 Proculus,
377 2768 434 2831 ille
457 2768 546 2849 ipse,
568 2785 668 2850 quem
693 2766 724 2830 ei
740 2766 853 2848 jungit
874 2765 1093 2849 Symmachus
1114 2772 1222 2849 pater,
1237 2769 1272 2830 et
1348 2757 1351 2776 ¹

176 2869 352 2954 pramittit
371 2867 494 2932 Anicio
512 2868 650 2933 saliano
671 2885 715 2936 ac
737 2865 895 2931 Petronio
916 2865 1100 2944 Probiana,
1116 2865 1271 2932 Consuli-

178 2972 245 3034 bus
259 2967 348 3043 Anni
364 2981 534 3032 nrnxxlv.
550 2987 634 3050 quos
649 2967 805 3049 sequitur
819 2966 920 3034 isthic
936 2984 1020 3030 unus
1035 2965 1195 3044 Verinus,
1209 2965 1271 3048 ,qui

174 3065 367 3136 Praefectus
381 3069 473 3134 urbis
488 3068 550 3132 fuit
570 3065 734 3150 proximis
748 3067 844 3132 annis
861 3079 1016 3130 nnxxv.
1043 3075 1079 3130 et
1100 3081 1270 3130 mcxxvr.

177 3168 267 3236 ilum
280 3169 357 3254 ergo
368 3171 522 3236 videatur
543 3169 580 3234 in
599 3169 674 3234 istis
689 3170 833 3252 quinque
846 3167 1033 3232 hominibus
1048 3167 1136 3231 ratio
1159 3167 1271 3233 aetatis
1349 3199 1355 3208 ·

180 3274 324 3352 servata,
339 3271 418 3336 inde
429 3271 564 3352 colligo,
578 3271 684 3334 inisse
700 3289 779 3351 ergo
793 3269 879 3332 hunc
894 3267 1068 3332 Valerium
1077 3267 1270 3344 Proculum,

176 3392 281 3460 quem
309 3389 331 3436 a
356 3373 480 3454 priscis
501 3371 648 3436 Valeriis
678 3369 862 3434 Publicolis
890 3369 1013 3450 repetit
1038 3368 1270 3451 Symmachus,

181 3477 281 3538 aetate
292 3474 480 3556 proximum
495 3469 622 3534 Aradio
637 3469 774 3544 Rufino,
796 3468 937 3550 ¹reliquis
949 3484 1030 3532 vero
1054 3467 1271 3550 superiorem,

177 3583 284 3658 vatque
300 3565 386 3636 adeo
400 3570 566 3634 diversum
581 3587 713 3652 ¹quoqne
728 3567 770 3631 ah
785 3567 853 3632 illis
864 3566 1002 3632 Aradiis
1013 3565 1091 3632 Vol.
1103 3568 1270 3648 Proculis,

65 3673 71 3682 '
181 3677 250 3760 :qui-
261 3673 361 3759 paulo
376 3678 456 3755 post
467 3671 658 3748 extiterunt,
674 3675 707 3734 et
731 3687 814 3753 quos
832 3669 934 3734 ferme
950 3669 1145 3744 crediderim
1164 3667 1271 3734 fuisse

181 3777 261 3861 {ejus
272 3776 345 3860 jam
359 3779 438 3838 tunc
452 3778 551 3838 aetate
560 3771 710 3856 provecti
724 3789 829 3855 supra
843 3769 942 3835 Anio.
955 3769 978 3834 J
979 3771 1125 3836 ulianum
1135 3777 1170 3835 et
1179 3771 1272 3835 Petr.

182 3879 387 3943 Probianum
404 3875 568 3939 Consules
579 3873 694 3958 (senes
708 3881 816 3937 antem
831 3872 890 3936 illo
904 3877 1054 3954 tempore
1072 3873 1270 3955 plerumque

178 3981 253 4064 jam
268 3984 360 4042 erant
379 3977 503 4061 privati
517 3977 678 4052 homines,
688 3975 751 4057 qui
773 3974 816 4038 ad
831 3973 1065 4049 Consulatum,
1081 3992 1271 4055 supremum

181 4081 287 4144 etiam
297 4085 373 4144 tunc
398 4080 554 4143 honomm
568 4075 749 4158 festigium,
768 4083 806 4139 ct
825 4074 903 4138 ideo
918 4073 1081 4139 in'Titulo
1096 4073 1135 4136 L.
1151 4071 1271 4136 Aradii

184 4179 268 4246 Vel.
302 4179 441 4246 Proculi
469 4180 588 4246 ultimo
609 4179 687 4244 loco
716 4184 949 4255 memoratum,
983 4173 1270 4258 producebantur,
