3136 4948
294 384 337 448 10
642 400 832 448 coturnos
857 399 1042 448 scnurcun

293 541 428 606 lunam!
473 540 701 604 Doctissimus
713 541 897 605 Politiauus
910 539 964 604 hic
981 539 1163 604 hariolator
1174 546 1295 621 praeter
1310 543 1387 606 soli·

294 652 374 720 tum,
404 643 445 706 de
474 642 608 705 silentio
631 643 727 706 luuae.
771 639 913 704 Constat
932 640 1032 720 igitur
1045 640 1205 704 'omnihus
1236 639 1277 704 00
1303 650 1387 704 tern-

292 762 374 824 pore
389 743 478 821 anni,
495 762 559 806 000
574 742 614 806 00
629 761 724 806 auno.
769 741 861 806 Nam
874 740 940 804 fine
955 741 1044 804 veris
1067 741 1157 804 Ilion
1173 748 1311 823 captum
1326 761 1387 806 vo·

292 843 374 922 lunt,
389 845 490 928 paulo
506 848 579 906 aute
595 843 791 906 solstitium.
831 839 931 919 Quod
948 844 983 904 et
991 839 1154 922 Virgilius
1169 845 1306 906 secutus
1315 851 1386 907 est:

462 969 466 978 ·
590 941 663 1005 Vix
675 943 783 1024 prima
797 941 968 1022 inceperat
983 946 1099 1017 aestas,

422 1044 467 1108 Et
481 1049 576 1126 pater
590 1043 717 1106 AEueas
729 1041 807 1104 dare
822 1041 930 1105 ventis
947 1043 1022 1105 vela
1028 1042 1177 1124 jubebat.

246 1143 250 1146 ’
293 1147 346 1210 De
366 1163 452 1208 anno
474 1162 554 1206 vero
574 1160 642 1204 nou
668 1141 832 1204 convenit.
878 1140 984 1222 Atqui
1008 1141 1196 1206 doctissimi
1217 1143 1384 1223 intereos,

292 1247 351 1330 qui
364 1240 941 1325 haecdisquisiveruut,intervallum
957 1261 977 1305 a
992 1248 1090 1324 capto
1106 1241 1171 1306 Ilio
1186 1243 1229 1306 ad
1243 1244 1384 1324 primam

292 1343 528 1428 Olympiadem
560 1341 725 1405 definiunt
748 1349 912 1406 'annorum
939 1343 1014 1406 407.
1037 1344 1191 1425 praecise,
1217 1344 1384 1426 Ephorus,

293 1445 526 1520 Callisthenes,
542 1443 736 1518 Damastes,
754 1441 967 1526 Phylarchos,
979 1441 1132 1526 Oenones
1141 1443 1383 1529 Eratostheni,

291 1545 414 1628 quihus
430 1545 570 1607 multum
586 1543 698 1608 tribuit
713 1544 900 1626 Dionysius
917 1543 1239 1608 Halicarnasseusis.
1271 1545 1385 1623 Quare

268 1635 272 1642 ’
292 1645 461 1709 Diodorus
473 1645 623 1708 omnium
637 1645 908 1708 accuratissimus
921 1645 971 1709 ait
982 1665 1101 1709 aunum
1115 1646 1257 1728 primum
1268 1645 1384 1728 Olym-

289 1745 400 1828 piadis
413 1746 467 1808 94.
481 1745 696 1819 desinentem,
710 1744 773 1808 hoo
789 1751 853 1824 est,
868 1765 989 1808 aunum
1003 1744 1080 1808 373.
1104 1765 1125 1809 0
1144 1747 1252 1828 primo
1269 1745 1383 1830 Olym-

289 1847 368 1926 pico
389 1845 527 1922 ludicm,
556 1863 631 1908 esse
652 1843 834 1926 ὀγδοηκοστὸν
857 1844 922 1928 πρὸς
942 1846 1000 1917 τοῖς
1027 1843 1208 1917 ,ἑπτακοσίοις
1235 1850 1310 1926 μετὰ
1334 1850 1383 1925 τὴν

292 1944 391 2031 Τροίας
406 1945 521 2008 ἅλωσιν.
565 1944 731 2010 Deductis
756 1945 856 2027 igitur
870 1946 946 2010 373.
970 1945 1012 2010 00
1025 1945 1101 2010 780.
1118 1953 1287 2012 remanent
1301 1949 1382 2012 auni

290 2049 368 2113 407.
425 2046 642 2111 Intervallum
657 2066 678 2110 a
694 2053 793 2128 capto
803 2047 870 2111 Ilio
887 2047 930 2110 ad
942 2047 994 2110 90.
1018 2045 1254 2130 Olympiadem
1270 2049 1382 2112 10000-

289 2157 365 2212 tem.
410 2147 559 2226 Contigit
577 2146 676 2228 igitur
698 2165 798 2210 casus
814 2165 899 2210 auno
912 2147 1007 2210 tertio
1027 2149 1133 2210 tertiae
1148 2146 1381 2213 Tetraateridos

288 2246 425 2323 Atticae,
438 2247 501 2310 hoc
513 2251 576 2321 est,
592 2264 681 2310 anuo
694 2247 746 2310 11.
757 2244 888 2328 perlodi
903 2243 1040 2323 Atticae,
1057 2247 1253 2328 plenilunio.
1289 2246 1379 2311 Neo-

288 2349 393 2433 menia
414 2347 654 2427 Thargaliouos
676 2347 732 2410 31.
756 2345 841 2408 Mai.
884 2344 1058 2410 Vicesima
1072 2347 1171 2409 tertia
1185 2346 1382 2428 Thargelio-

287 2469 351 2513 000
363 2451 398 2511 iu
409 2449 464 2511 02.
480 2446 502 2510 J
505 2446 592 2508 unii.
645 2445 850 2527 Supererant
867 2444 909 2506 ad
928 2451 1032 2526 caput
1048 2447 1126 2509 anni
1142 2448 1313 2526 sequentis
1327 2446 1380 2512 37.

155 2597 163 2614 ,
287 2549 381 2611 dies:
405 2565 543 2628 quorum
559 2545 613 2609 16.
629 2545 671 2608 00
687 2547 790 2630 τροπὰς
806 2545 919 2631 tegna,
934 2545 968 2607 id
985 2553 1038 2608 est
1048 2545 1080 2607 8.
1093 2545 1180 2606 Julii
1193 2545 1379 2611 exclusive.

287 2647 332 2710 Et
343 2646 483 2730 proinde
494 2645 547 2708 21.
562 2650 653 2712 eraut
665 2643 791 2728 repserat
808 2641 919 2728 ἡμέραι,
936 2643 979 2706 00
995 2647 1095 2724 caput
1110 2645 1185 2706 anni
1197 2649 1380 2726 sequentis,

286 2753 323 2810 ut
343 2747 448 2808 hahes
470 2745 555 2808 libro
576 2746 696 2827 primo,
712 2745 747 2806 iu
761 2743 895 2806 Tabula
912 2741 1168 2806 Neomeniarum
1181 2741 1380 2810 Atticarum.

287 2846 353 2910 Sed
369 2846 554 2926 Dionysius
571 2845 885 2910 Halicarnasseusis
908 2842 990 2908 dicit
1003 2843 1106 2908 fuisse
1121 2844 1238 2925 viginti
1252 2852 1379 2910 tanturn

286 2941 432 3030 περιττοῖς,
453 2947 500 3008 17.
517 2951 625 3008 autem
639 2942 813 3028 000ρο0ος.
848 2943 1010 3026 Intelligit
1024 2962 1099 3026 ergo
1115 2944 1290 3009 inclusive.
1323 2945 1380 3008 In·

286 3047 391 3112 cludit
406 3046 492 3108 euim
508 3046 539 3108 8.
561 3045 644 3108 Julii
665 3047 701 3108 iu
723 3045 818 3110 illum
839 3063 1021 3110 numerum.
1065 3042 1167 3121 Quod
1188 3051 1222 3109 et
1245 3045 1378 3110 Plutar-

286 3146 382 3208 chum
404 3146 512 3209 Iacere
539 3146 843 3220 animadvertimus
859 3145 918 3224 qui
940 3165 1000 3227 pro
1021 3143 1173 3228 τριάκοντα
1195 3145 1277 3209 dicit
1297 3171 1378 3230 τρια-

250 3303 253 3307 .
287 3242 397 3323 soordi,
414 3253 446 3310 et
458 3253 575 3310 eontra
590 3243 743 3309 ἓκατοστδν
759 3265 819 3328 pro
836 3241 944 3306 ἕκατον.
989 3244 1024 3308 N
1026 3247 1110 3325 eqire
1119 3245 1177 3308 ille
1187 3245 1308 3324 solum,
1319 3248 1378 3310 sed

286 3353 321 3417 ct
336 3347 394 3410 alii
406 3346 531 3411 Graeci.
575 3347 698 3411 Incidit
706 3348 813 3428 jgitur
827 3345 887 3410 ille
902 3363 1009 3408 00000
1024 3345 1057 3406 iu
1071 3344 1168 3410 3031.
1179 3346 1377 3428 periodiJu-

221 3527 224 3534 ,
283 3449 394 3514 liauae.
439 3445 556 3511 Annus
573 3455 684 3518 autem
699 3448 826 3530 primus
842 3446 946 3528 Iphiti
962 3445 1078 3508 incidit
1093 3445 1128 3510 iu
1143 3466 1263 3510 anuum
1278 3446 1376 3514 3938.

283 3547 410 3630 periodi
427 3547 585 3612 Iulianae.
618 3547 826 3624 Differentia,
843 3546 922 3610 anui
944 3545 1020 3610 407.
1035 3547 1210 3628 quoderat
1225 3548 1376 3630 proposif

284 3654 365 3710 tum.
411 3646 557 3711 Notahis
579 3653 687 3710 autem
708 3647 742 3709 in
764 3647 881 3711 tabula
902 3645 1161 3712 Neomeniarum
1175 3645 1376 3723 Atticarum,

283 3747 370 3810 libro
396 3747 514 3828 primo,
542 3745 673 3831 περιττοῖς
699 3745 802 3832 ἡμέρας
824 3747 984 3828 pertinere
999 3765 1064 3809 non
1079 3746 1122 3810 ad
1144 3764 1217 3808 eum
1235 3763 1375 3834 anuum3

284 3847 521 3928 cuiappositae
547 3852 636 3922 suut,
651 3845 711 3908 sed
727 3845 770 3909 00
784 3851 988 3928 sequentem.
1033 3846 1237 3930 Exemplum,
1257 3847 1292 3912 iu
1306 3849 1375 3929 pri·

283 3966 338 4011 mo
355 3965 441 4010 anno
457 3946 588 4028 periodi
609 3950 781 4011 annotatur
793 3949 908 4030 περιττὴ
922 3929 1024 4014 hulla.
1069 3946 1150 4011 Hoc
1166 3947 1339 4028 siguificat,
1354 3967 1376 4012 a

283 4047 348 4110 tine
360 4045 599 4122 antecedentis,
616 4047 672 4129 qui
687 4053 757 4111 erat
770 4049 906 4112 ultimus
915 4046 1058 4130 periodi,
1074 4047 1118 4112 ad
1132 4048 1259 4112 initium
1275 4048 1374 4130 primi

286 4146 374 4223 anni,
404 4146 526 4212 nullam
556 4166 631 4212 esse
653 4151 781 4234 περιττὴν
805 4145 922 4236 ἡμέραν.
964 4149 1094 4214 Rursus
1117 4142 1266 4214 secondo
1289 4154 1373 4212 'auno
