3112 4950
639 374 849 424 arranmx.
1233 363 1301 428 347

201 527 378 596 referens.’·
411 521 480 593 Ubi
505 525 643 592 ridicule
663 523 833 611 Joseplms
854 526 1112 612 Burdosculiger
1127 535 1298 614 postrema
1398 579 1403 588 .

205 634 272 695 tria
286 631 388 696 rerba
402 627 526 694 Lucilii
546 647 622 694 esse
638 627 793 705 credidit,
812 646 888 712 quaa
906 626 1052 694 Charisii
1067 649 1153 707 esse,
1167 649 1211 694 ex
1226 631 1297 696 Do-

204 733 276 797 nati
290 731 398 796 verbis
422 729 552 795 discere
571 736 712 813 poterat
757 729 918 813 Hyginus
938 729 1006 794 fab.
1025 731 1101 795 274.
1126 731 1202 796 ‘No
1221 734 1298 816 quis

203 853 319 900 rsarus
333 839 436 899 artem
450 830 651 898 medicinam
666 830 832 898 disceret!
877 830 1009 896 Plinius
1024 851 1034 897 z
1051 831 1298 917 ‘Hippocrates

198 935 411 1002 clarissimus
431 931 608 1000 medicinae
632 931 806 999 scientiae?
830 931 1002 1002 ,Ceterum
1017 931 1128 998 Varro
1149 933 1184 997 iu
1197 953 1238 999 eo
1250 934 1297 999 nil

202 1043 326 1120 praeter
344 1036 477 1102 solitum
490 1040 641 1118 nugatur,
663 1053 741 1100 cum
756 1031 922 1100 medicum
940 1053 962 1098 a
977 1033 1141 1098 medicina
1155 1039 1190 1099 el
1203 1043 1297 1100 suto-

198 1156 272 1203 rem
287 1156 309 1202 a
323 1137 448 1202 sutrina
461 1133 644 1202 derivatum
659 1135 811 1214 affirmat,
827 1151 902 1200 cum
917 1154 980 1200 nac
1000 1137 1095 1220 pueri
1115 1135 1188 1219 jam
1202 1136 1297 1218 igno-

198 1244 282 1318 rent,
311 1239 446 1306 nomina
472 1238 509 1302 in
531 1236 600 1301 inor
625 1238 784 1304 exeuntia
808 1238 851 1302 ab
875 1256 917 1303 eo
940 1237 1128 1321 primigenii
1153 1237 1296 1302 nominis

201 1359 297 1418 casu,
310 1341 368 1424 qui
382 1337 534 1405 ordalia
544 1338 568 1418 i,
579 1339 721 1405 formata
731 1354 817 1405 osse.
854 1339 980 1424 ltaque
992 1357 1070 1405 eum
1082 1359 1104 1404 a
1115 1339 1296 1423 participio

201 1443 340 1524 passivo
356 1447 455 1506 aulus
472 1433 595 1506 factum
618 1440 740 1507 fuisset
757 1447 862 1520 sutor,
885 1442 929 1506 ab
944 1440 1047 1526 hujus
1061 1445 1181 1525 postea
1195 1441 1296 1506 tertio

201 1561 282 1607 oasa
295 1543 399 1608 sutori
419 1541 606 1627 proiectum
620 1545 677 1608 ast
688 1543 871 1621 saloninus,
891 1548 926 1608 at
942 1561 1002 1626 per
1015 1560 1184 1626 syncopen
1197 1543 1296 1607 sutri·

200 1661 276 1720 nus,
292 1643 520 1728 similiterque,
535 1662 558 1707 a
571 1643 677 1708 verbo
693 1643 806 1726 pinso,
824 1641 966 1728 (priscis
987 1642 1078 1726 piso,
1102 1649 1187 1708 teste
1209 1642 1295 1706 Dio-

199 1743 338 1822 medae
352 1743 464 1810 Groeo.
474 1741 619 1827 mirra)
632 1744 814 1827 participio
827 1742 949 1825 pistus,
963 1741 1088 1807 facturn
1098 1741 1163 1807 luit
1174 1743 1294 1825 pistor,

198 1848 231 1907 et
243 1863 265 1908 a
283 1845 411 1927 pistori,
425 1845 610 1927 pistorinus
623 1848 659 1908 el
674 1844 853 1927 pistrinum
869 1862 893 1908 a
906 1843 1044 1918 laxiori,
1059 1843 1250 1907 textorinus
1260 1851 1295 1908 et

198 1943 376 2034 terminum
388 1943 581 2022 amedicus,
590 1943 726 2022 medici,
735 1943 941 2025 medicinus3
957 1943 1106 2028 apiscis,
1115 1943 1214 2026 pisci,
1225 1945 1294 2029 pia-

199 2043 315 2140 cinua3
329 2063 354 2109 a
368 2063 438 2124 rex,
454 2045 534 2129 regi,
549 2045 701 2129 reginus3
717 2064 739 2110 a
753 2045 819 2122 sal,
835 2045 911 2122 sali,
927 2047 1062 2111 salinus.
1092 2045 1134 2134 In
1150 2045 1293 2110 salinum

198 2131 277 2228 ergo
290 2137 519 2212 subaudimus
529 2161 604 2225 ras,
622 2145 659 2210 in
676 2145 806 2224 salinas,
822 2147 878 2211 rel
900 2147 1063 2224 abuma,
1073 2146 1131 2211 ¹vel
1142 2143 1295 2235 ludina,

197 2245 233 2309 iu
248 2247 391 2330 piscina,
401 2263 501 2331 aqua.
527 2237 664 2312 Nomai
678 2247 842 2330 ‘pennen
855 2243 1037 2329 piscinum’
1052 2244 1198 2322 Nullius
1208 2251 1292 2311 usta

197 2344 312 2438 Festo.
327 2345 426 2412 dixit.
470 2345 513 2411 Iu
540 2345 659 2430 regina
682 2346 883 2412 subauditur
907 2345 1059 2426 immina,
1080 2346 1164 2426 aria,
1193 2365 1292 2414 uxor.

197 2435 392 2514 Charisius:
418 2445 573 2531 ‘Regina
586 2444 680 2512 nullo
693 2441 796 2512 modo
809 2443 1039 2532 recipiendum
1051 2448 1291 2533 nisi'reoipere·

196 2563 272 2614 mus
290 2555 323 2615 et
336 2548 504 2633 reginum?
547 2549 670 2634 ltaque
692 2545 856 2631 Virgilius
879 2546 978 2615 Iliam
996 2555 1100 2616 vocal
1114 2547 1293 2634 Reginam

194 2669 258 2716 nec
273 2669 371 2716 secus
396 2649 591 2729 Ariadnen,-
612 2647 802 2734 quodliliae
812 2657 925 2717 assent
938 2651 1051 2734 regim.
1094 2649 1291 2718 Eesurv'ius

194 2753 229 2816 ln
255 2751 317 2817 illo
331 2752 408 2818 AEn·
424 2765 449 2820 r.
471 2751 599 2831 ‘Quod
617 2752 710 2834 regia
723 2749 816 2817 luno
832 2744 1061 2820 Monslrarat!
1105 2749 1216 2838 Regia
1240 2754 1292 2818 ina

193 2859 406 2942 terpretatur,
429 2853 552 2936 regina,
566 2867 687 2936 nempe
705 2859 744 2920 nt
762 2872 786 2918 a
798 2853 860 2918 lux
872 2844 1067 2922 callincius
1078 2862 1114 2921 ot
1128 2853 1290 2935 Lucinas,

193 2955 281 3018 unde
302 2954 394 3018 luno
417 2955 559 3031 Lucina,
582 2952 669 3018 sica
689 2971 763 3031 ras,
778 2953 887 3049 fogios
900 2947 1090 3041 ot'reginns
1117 2948 1245 3022 'Etiam
1269 2977 1291 3023 a

193 3059 308 3118 lauram
328 3053 413 3116 exiit
424 3059 562 3116 laurcus
576 3059 609 3116 cl
622 3054 786 3116 laurinus.
832 3053 923 3118 Nam
939 3061 973 3120 ul
988 3059 1036 3122 ait
1050 3057 1194 3132 Plinius,
1207 3055 1290 3120 rele-

193 3153 420 3218 renteServio
433 3153 467 3217 in
487 3149 569 3216 AEn¹
594 3163 648 3214 rx.
674 3149 921 3216 ‘derivationes
939 3169 1007 3217 non
1030 3155 1155 3220 habant
1175 3149 1289 3222 firmas
1402 3219 1406 3226 .

193 3253 338 3340 regulas,
349 3253 408 3320 sed
422 3258 549 3318 exeunt
559 3260 660 3336 prout
674 3251 866 3319 auctoribus
881 3251 1013 3337 placer!
