<?xml version="1.0" encoding="UTF-8"?>
<!DOCTYPE html PUBLIC "-//W3C//DTD XHTML 1.0 Transitional//EN"
    "http://www.w3.org/TR/xhtml1/DTD/xhtml1-transitional.dtd">
<html xmlns="http://www.w3.org/1999/xhtml" xml:lang="en" lang="en">
 <head>
  <title>
</title>
<meta http-equiv="Content-Type" content="text/html;charset=utf-8" />
  <meta name='ocr-system' content='tesseract 3.04.00' />
  <meta name='ocr-capabilities' content='ocr_page ocr_carea ocr_par ocr_line ocrx_word'/>
</head>
<body>
  <div class='ocr_page' id='page_1' title='image "./dictyscretensis00dresgoog_0353.png"; bbox 0 0 3112 4950; ppageno 0'>
   <div class='ocr_carea' id='block_1_1' title="bbox 283 347 1003 416">
    <p class='ocr_par' dir='ltr' id='par_1_1' title="bbox 283 347 1003 416">
     <span class='ocr_line' id='line_1_1' title="bbox 283 347 1003 416; baseline 0.004 -9"><span class='ocrx_word' id='word_1_1' title='bbox 283 347 349 416; x_wconf 74' lang='lat'><strong>328</strong></span> <span class='ocrx_word' id='word_1_2' title='bbox 653 363 816 414; x_wconf 75' lang='lat' dir='ltr'><strong>oannrrs</strong></span> <span class='ocrx_word' id='word_1_3' title='bbox 841 353 1003 414; x_wconf 83' lang='lat' dir='ltr'><strong>runrotr</strong></span> 
     </span>
    </p>
   </div>
   <div class='ocr_carea' id='block_1_2' title="bbox 282 507 1374 1200">
    <p class='ocr_par' dir='ltr' id='par_1_2' title="bbox 282 507 1374 1200">
     <span class='ocr_line' id='line_1_2' title="bbox 284 507 1372 592; baseline 0 -18"><span class='ocrx_word' id='word_1_4' title='bbox 284 509 345 574; x_wconf 91' lang='lat' dir='ltr'><strong>sed</strong></span> <span class='ocrx_word' id='word_1_5' title='bbox 370 517 489 587; x_wconf 70' lang='lat' dir='ltr'><strong>tamem</strong></span> <span class='ocrx_word' id='word_1_6' title='bbox 515 507 603 591; x_wconf 89' lang='lat' dir='ltr'><strong>qnod</strong></span> <span class='ocrx_word' id='word_1_7' title='bbox 629 508 868 591; x_wconf 76' lang='lat' dir='ltr'><strong>Agamemnoni</strong></span> <span class='ocrx_word' id='word_1_8' title='bbox 895 509 978 574; x_wconf 90' lang='lat' dir='ltr'><strong>nihil</strong></span> <span class='ocrx_word' id='word_1_9' title='bbox 1001 525 1121 592; x_wconf 89' lang='lat' dir='ltr'><strong>negare</strong></span> <span class='ocrx_word' id='word_1_10' title='bbox 1146 507 1272 591; x_wconf 83' lang='lat' dir='ltr'><strong>possit,</strong></span> <span class='ocrx_word' id='word_1_11' title='bbox 1294 527 1372 574; x_wconf 87' lang='lat' dir='ltr'><strong>oum</strong></span> 
     </span>
     <span class='ocr_line' id='line_1_3' title="bbox 284 608 1371 694; baseline -0.004 -18"><span class='ocrx_word' id='word_1_12' title='bbox 284 617 417 693; x_wconf 90' lang='lat' dir='ltr'><strong>tempus</strong></span> <span class='ocrx_word' id='word_1_13' title='bbox 438 629 557 692; x_wconf 86' lang='lat' dir='ltr'><strong>pugnae</strong></span> <span class='ocrx_word' id='word_1_14' title='bbox 573 611 833 694; x_wconf 79' lang='lat' dir='ltr'><strong>supervenisset,</strong></span> <span class='ocrx_word' id='word_1_15' title='bbox 848 633 885 676; x_wconf 90' lang='lat' dir='ltr'><strong>se</strong></span> <span class='ocrx_word' id='word_1_16' title='bbox 907 611 1030 676; x_wconf 81' lang='lat' dir='ltr'><strong>milites</strong></span> <span class='ocrx_word' id='word_1_17' title='bbox 1045 628 1126 674; x_wconf 91' lang='lat' dir='ltr'><strong>suos</strong></span> <span class='ocrx_word' id='word_1_18' title='bbox 1146 610 1326 673; x_wconf 88' lang='lat' dir='ltr'><strong>missurum</strong></span> <span class='ocrx_word' id='word_1_19' title='bbox 1340 608 1371 670; x_wconf 82' lang='lat'><strong>:¹¹</strong></span> 
     </span>
     <span class='ocr_line' id='line_1_4' title="bbox 283 709 1373 796; baseline -0.002 -20"><span class='ocrx_word' id='word_1_20' title='bbox 283 714 395 796; x_wconf 88' lang='lat' dir='ltr'><strong>ipsum</strong></span> <span class='ocrx_word' id='word_1_21' title='bbox 423 717 618 776; x_wconf 82' lang='lat' dir='ltr'><strong>excusatam</strong></span> <span class='ocrx_word' id='word_1_22' title='bbox 645 711 781 776; x_wconf 81' lang='lat' dir='ltr'><strong>haberet</strong></span> <span class='ocrx_word' id='word_1_23' title='bbox 806 713 898 796; x_wconf 91' lang='lat' dir='ltr'><strong>quod</strong></span> <span class='ocrx_word' id='word_1_24' title='bbox 928 731 966 776; x_wconf 90' lang='lat' dir='ltr'><strong>se</strong></span> <span class='ocrx_word' id='word_1_25' title='bbox 991 711 1169 776; x_wconf 80' lang='lat' dir='ltr'><strong>abstineret</strong></span> <span class='ocrx_word' id='word_1_26' title='bbox 1194 729 1216 774; x_wconf 88' lang='lat' dir='ltr'><strong>a</strong></span> <span class='ocrx_word' id='word_1_27' title='bbox 1241 709 1373 794; x_wconf 82' lang='lat' dir='ltr'><strong>pugna.i</strong></span> 
     </span>
     <span class='ocr_line' id='line_1_5' title="bbox 283 812 1374 897; baseline 0 -21"><span class='ocrx_word' id='word_1_28' title='bbox 283 812 514 893; x_wconf 83' lang='lat' dir='ltr'><strong>Agamemnon</strong></span> <span class='ocrx_word' id='word_1_29' title='bbox 537 813 569 876; x_wconf 89' lang='lat' dir='ltr'><strong>ei</strong></span> <span class='ocrx_word' id='word_1_30' title='bbox 591 814 715 894; x_wconf 80' lang='lat' dir='ltr'><strong>gratias</strong></span> <span class='ocrx_word' id='word_1_31' title='bbox 731 814 809 895; x_wconf 81' lang='lat' dir='ltr'><strong>agit.</strong></span> <span class='ocrx_word' id='word_1_32' title='bbox 852 815 932 897; x_wconf 66' lang='lat'><strong>[32]</strong></span> <span class='ocrx_word' id='word_1_33' title='bbox 952 813 1105 896; x_wconf 80' lang='lat' dir='ltr'><strong>Tempus</strong></span> <span class='ocrx_word' id='word_1_34' title='bbox 1120 831 1242 895; x_wconf 81' lang='lat' dir='ltr'><strong>pugnae</strong></span> <span class='ocrx_word' id='word_1_35' title='bbox 1256 831 1374 894; x_wconf 90' lang='lat' dir='ltr'><strong>snper·</strong></span> 
     </span>
     <span class='ocr_line' id='line_1_6' title="bbox 283 911 1374 997; baseline -0.001 -19"><span class='ocrx_word' id='word_1_36' title='bbox 283 915 393 979; x_wconf 84' lang='lat' dir='ltr'><strong>venit:</strong></span> <span class='ocrx_word' id='word_1_37' title='bbox 415 913 549 997; x_wconf 89' lang='lat' dir='ltr'><strong>Trojani</strong></span> <span class='ocrx_word' id='word_1_38' title='bbox 570 914 752 978; x_wconf 83' lang='lat' dir='ltr'><strong>exercitum</strong></span> <span class='ocrx_word' id='word_1_39' title='bbox 765 915 919 980; x_wconf 85' lang='lat' dir='ltr'><strong>educunt.</strong></span> <span class='ocrx_word' id='word_1_40' title='bbox 964 913 1090 980; x_wconf 79' lang='lat' dir='ltr'><strong>Contra</strong></span> <span class='ocrx_word' id='word_1_41' title='bbox 1110 911 1229 993; x_wconf 87' lang='lat' dir='ltr'><strong>Argivi</strong></span> <span class='ocrx_word' id='word_1_42' title='bbox 1249 912 1374 995; x_wconf 85' lang='lat' dir='ltr'><strong>prode-</strong></span> 
     </span>
     <span class='ocr_line' id='line_1_7' title="bbox 283 1011 1373 1098; baseline -0.003 -18"><span class='ocrx_word' id='word_1_43' title='bbox 283 1023 353 1080; x_wconf 87' lang='lat' dir='ltr'><strong>unt.</strong></span> <span class='ocrx_word' id='word_1_44' title='bbox 396 1014 550 1080; x_wconf 82' lang='lat' dir='ltr'><strong>Achilles</strong></span> <span class='ocrx_word' id='word_1_45' title='bbox 573 1014 824 1098; x_wconf 79' lang='lat' dir='ltr'><strong>Myrmidonas⁸</strong></span> <span class='ocrx_word' id='word_1_46' title='bbox 846 1016 989 1092; x_wconf 91' lang='lat' dir='ltr'><strong>instruit,</strong></span> <span class='ocrx_word' id='word_1_47' title='bbox 1019 1014 1063 1079; x_wconf 89' lang='lat' dir='ltr'><strong>ad</strong></span> <span class='ocrx_word' id='word_1_48' title='bbox 1083 1011 1373 1094; x_wconf 81' lang='lat' dir='ltr'><strong>Agamemnonem</strong></span> 
     </span>
     <span class='ocr_line' id='line_1_8' title="bbox 282 1111 1372 1200; baseline -0.004 -18"><span class='ocrx_word' id='word_1_49' title='bbox 282 1123 419 1200; x_wconf 88' lang='lat' dir='ltr'><strong>paratos</strong></span> <span class='ocrx_word' id='word_1_50' title='bbox 434 1117 546 1182; x_wconf 89' lang='lat' dir='ltr'><strong>mittit.</strong></span> <span class='ocrx_word' id='word_1_51' title='bbox 583 1117 640 1179; x_wconf 90' lang='lat' dir='ltr'><strong>Fit</strong></span> <span class='ocrx_word' id='word_1_52' title='bbox 654 1135 769 1199; x_wconf 89' lang='lat' dir='ltr'><strong>pugna</strong></span> <span class='ocrx_word' id='word_1_53' title='bbox 783 1115 908 1200; x_wconf 86' lang='lat' dir='ltr'><strong>major:</strong></span> <span class='ocrx_word' id='word_1_54' title='bbox 925 1119 1046 1182; x_wconf 88' lang='lat' dir='ltr'><strong>acriter</strong></span> <span class='ocrx_word' id='word_1_55' title='bbox 1058 1115 1208 1179; x_wconf 85' lang='lat' dir='ltr'><strong>saevitur.</strong></span> <span class='ocrx_word' id='word_1_56' title='bbox 1238 1111 1372 1178; x_wconf 81' lang='lat' dir='ltr'><strong>Troilus</strong></span> 
     </span>
    </p>
   </div>
   <div class='ocr_carea' id='block_1_3' title="bbox 283 1215 1463 1300">
    <p class='ocr_par' dir='ltr' id='par_1_3' title="bbox 283 1215 1463 1300">
     <span class='ocr_line' id='line_1_9' title="bbox 283 1215 1463 1300; baseline -0.003 -18"><span class='ocrx_word' id='word_1_57' title='bbox 283 1220 372 1284; x_wconf 89' lang='lat' dir='ltr'><strong>enim</strong></span> <span class='ocrx_word' id='word_1_58' title='bbox 387 1218 422 1280; x_wconf 89' lang='lat' dir='ltr'><strong>in</strong></span> <span class='ocrx_word' id='word_1_59' title='bbox 437 1219 546 1300; x_wconf 89' lang='lat' dir='ltr'><strong>prima</strong></span> <span class='ocrx_word' id='word_1_60' title='bbox 561 1218 634 1282; x_wconf 91' lang='lat' dir='ltr'><strong>aoie</strong></span> <span class='ocrx_word' id='word_1_61' title='bbox 649 1216 794 1296; x_wconf 80' lang='lat' dir='ltr'><strong>Argivos</strong></span> <span class='ocrx_word' id='word_1_62' title='bbox 816 1218 927 1294; x_wconf 81' lang='lat' dir='ltr'><strong>caedit,</strong></span> <span class='ocrx_word' id='word_1_63' title='bbox 950 1216 1182 1300; x_wconf 89' lang='lat' dir='ltr'><strong>Myrmidonas</strong></span> <span class='ocrx_word' id='word_1_64' title='bbox 1203 1215 1372 1298; x_wconf 87' lang='lat' dir='ltr'><strong>persequi·</strong></span> <span class='ocrx_word' id='word_1_65' title='bbox 1460 1281 1463 1288; x_wconf 18' lang='grc' dir='ltr'><strong>Δ</strong></span> 
     </span>
    </p>
   </div>
   <div class='ocr_carea' id='block_1_4' title="bbox 279 1316 1376 3230">
    <p class='ocr_par' dir='ltr' id='par_1_4' title="bbox 279 1316 1376 3230">
     <span class='ocr_line' id='line_1_10' title="bbox 282 1316 1372 1402; baseline -0.003 -20"><span class='ocrx_word' id='word_1_66' title='bbox 282 1326 356 1386; x_wconf 83' lang='lat' dir='ltr'><strong>tur:</strong></span> <span class='ocrx_word' id='word_1_67' title='bbox 377 1319 631 1402; x_wconf 86' lang='lat' dir='ltr'><strong>impressionem</strong></span> <span class='ocrx_word' id='word_1_68' title='bbox 651 1319 734 1383; x_wconf 85' lang='lat' dir='ltr'><strong>saoit</strong></span> <span class='ocrx_word' id='word_1_69' title='bbox 755 1320 790 1382; x_wconf 87' lang='lat' dir='ltr'><strong>in</strong></span> <span class='ocrx_word' id='word_1_70' title='bbox 812 1328 941 1384; x_wconf 87' lang='lat' dir='ltr'><strong>eastra:</strong></span> <span class='ocrx_word' id='word_1_71' title='bbox 963 1319 1085 1382; x_wconf 89' lang='lat' dir='ltr'><strong>multos</strong></span> <span class='ocrx_word' id='word_1_72' title='bbox 1100 1316 1246 1382; x_wconf 88' lang='lat' dir='ltr'><strong>occidit:</strong></span> <span class='ocrx_word' id='word_1_73' title='bbox 1269 1317 1372 1398; x_wconf 87' lang='lat' dir='ltr'><strong>pluri-</strong></span> 
     </span>
     <span class='ocr_line' id='line_1_11' title="bbox 281 1418 1371 1504; baseline -0.006 -18"><span class='ocrx_word' id='word_1_74' title='bbox 281 1439 356 1486; x_wconf 89' lang='lat' dir='ltr'><strong>mos</strong></span> <span class='ocrx_word' id='word_1_75' title='bbox 371 1420 514 1485; x_wconf 84' lang='lat' dir='ltr'><strong>sauciat.</strong></span> <span class='ocrx_word' id='word_1_76' title='bbox 557 1418 650 1504; x_wconf 85' lang='lat' dir='ltr'><strong>Ajax</strong></span> <span class='ocrx_word' id='word_1_77' title='bbox 660 1420 878 1486; x_wconf 86' lang='lat' dir='ltr'><strong>Telamonius</strong></span> <span class='ocrx_word' id='word_1_78' title='bbox 893 1420 1037 1485; x_wconf 88' lang='lat' dir='ltr'><strong>obstitit.</strong></span> <span class='ocrx_word' id='word_1_79' title='bbox 1079 1419 1218 1502; x_wconf 90' lang='lat' dir='ltr'><strong>Trojani</strong></span> <span class='ocrx_word' id='word_1_80' title='bbox 1228 1418 1371 1482; x_wconf 88' lang='lat' dir='ltr'><strong>victores</strong></span> 
     </span>
     <span class='ocr_line' id='line_1_12' title="bbox 282 1517 1372 1606; baseline -0.005 -20"><span class='ocrx_word' id='word_1_81' title='bbox 282 1523 318 1586; x_wconf 92' lang='lat' dir='ltr'><strong>iu</strong></span> <span class='ocrx_word' id='word_1_82' title='bbox 331 1521 493 1606; x_wconf 92' lang='lat' dir='ltr'><strong>oppidum</strong></span> <span class='ocrx_word' id='word_1_83' title='bbox 507 1528 723 1586; x_wconf 86' lang='lat' dir='ltr'><strong>revertuntur.</strong></span> <span class='ocrx_word' id='word_1_84' title='bbox 766 1521 908 1596; x_wconf 80' lang='lat' dir='ltr'><strong>Postera</strong></span> <span class='ocrx_word' id='word_1_85' title='bbox 923 1521 978 1585; x_wconf 91' lang='lat' dir='ltr'><strong>die</strong></span> <span class='ocrx_word' id='word_1_86' title='bbox 994 1519 1226 1602; x_wconf 86' lang='lat' dir='ltr'><strong>Agamemnon</strong></span> <span class='ocrx_word' id='word_1_87' title='bbox 1241 1517 1372 1582; x_wconf 83' lang='lat' dir='ltr'><strong>exerei-</strong></span> 
     </span>
     <span class='ocr_line' id='line_1_13' title="bbox 282 1620 1370 1706; baseline -0.005 -18"><span class='ocrx_word' id='word_1_88' title='bbox 282 1631 354 1688; x_wconf 89' lang='lat' dir='ltr'><strong>tum</strong></span> <span class='ocrx_word' id='word_1_89' title='bbox 365 1622 496 1688; x_wconf 88' lang='lat' dir='ltr'><strong>edueit:</strong></span> <span class='ocrx_word' id='word_1_90' title='bbox 509 1641 623 1688; x_wconf 92' lang='lat' dir='ltr'><strong>omnes</strong></span> <span class='ocrx_word' id='word_1_91' title='bbox 638 1622 743 1686; x_wconf 83' lang='lat' dir='ltr'><strong>duces</strong></span> <span class='ocrx_word' id='word_1_92' title='bbox 758 1635 794 1686; x_wconf 88' lang='lat' dir='ltr'><strong>et</strong></span> <span class='ocrx_word' id='word_1_93' title='bbox 809 1621 1037 1706; x_wconf 85' lang='lat' dir='ltr'><strong>Myrmidones</strong></span> <span class='ocrx_word' id='word_1_94' title='bbox 1051 1621 1225 1704; x_wconf 89' lang='lat' dir='ltr'><strong>prodeunt.</strong></span> <span class='ocrx_word' id='word_1_95' title='bbox 1248 1620 1279 1684; x_wconf 90' lang='grc' dir='ltr'><strong>Ε</strong></span> <span class='ocrx_word' id='word_1_96' title='bbox 1290 1639 1370 1684; x_wconf 89' lang='lat' dir='ltr'><strong>oon·</strong></span> 
     </span>
     <span class='ocr_line' id='line_1_14' title="bbox 282 1723 1372 1808; baseline -0.006 -18"><span class='ocrx_word' id='word_1_97' title='bbox 282 1732 335 1790; x_wconf 90' lang='lat' dir='ltr'><strong>tra</strong></span> <span class='ocrx_word' id='word_1_98' title='bbox 348 1723 485 1808; x_wconf 87' lang='lat' dir='ltr'><strong>Trojani</strong></span> <span class='ocrx_word' id='word_1_99' title='bbox 498 1724 569 1788; x_wconf 82' lang='lat' dir='ltr'><strong>laeu·</strong></span> <span class='ocrx_word' id='word_1_100' title='bbox 582 1725 617 1787; x_wconf 90' lang='lat' dir='ltr'><strong>in</strong></span> <span class='ocrx_word' id='word_1_101' title='bbox 632 1724 741 1788; x_wconf 84' lang='lat' dir='ltr'><strong>aciem</strong></span> <span class='ocrx_word' id='word_1_102' title='bbox 756 1723 929 1806; x_wconf 87' lang='lat' dir='ltr'><strong>prodeunt.</strong></span> <span class='ocrx_word' id='word_1_103' title='bbox 955 1724 1077 1788; x_wconf 87' lang='lat' dir='ltr'><strong>Praelio</strong></span> <span class='ocrx_word' id='word_1_104' title='bbox 1091 1723 1268 1788; x_wconf 83' lang='lat' dir='ltr'><strong>commisso</strong></span> <span class='ocrx_word' id='word_1_105' title='bbox 1279 1729 1372 1785; x_wconf 82' lang='lat' dir='ltr'><strong>uter-</strong></span> 
     </span>
     <span class='ocr_line' id='line_1_15' title="bbox 282 1822 1370 1910; baseline -0.006 -19"><span class='ocrx_word' id='word_1_106' title='bbox 282 1846 348 1910; x_wconf 85' lang='lat' dir='ltr'><strong>que</strong></span> <span class='ocrx_word' id='word_1_107' title='bbox 361 1826 532 1891; x_wconf 88' lang='lat' dir='ltr'><strong>exereitus</strong></span> <span class='ocrx_word' id='word_1_108' title='bbox 557 1827 643 1890; x_wconf 88' lang='lat' dir='ltr'><strong>inter</strong></span> <span class='ocrx_word' id='word_1_109' title='bbox 665 1845 702 1888; x_wconf 89' lang='lat' dir='ltr'><strong>se</strong></span> <span class='ocrx_word' id='word_1_110' title='bbox 725 1825 902 1893; x_wconf 86' lang='lat' dir='ltr'><strong>dimicant:</strong></span> <span class='ocrx_word' id='word_1_111' title='bbox 925 1827 1045 1892; x_wconf 88' lang='lat' dir='ltr'><strong>acriter</strong></span> <span class='ocrx_word' id='word_1_112' title='bbox 1070 1845 1131 1910; x_wconf 89' lang='lat' dir='ltr'><strong>per</strong></span> <span class='ocrx_word' id='word_1_113' title='bbox 1153 1825 1284 1906; x_wconf 88' lang='lat' dir='ltr'><strong>aliquot</strong></span> <span class='ocrx_word' id='word_1_114' title='bbox 1298 1822 1370 1886; x_wconf 90' lang='lat' dir='ltr'><strong>dies</strong></span> 
     </span>
     <span class='ocr_line' id='line_1_16' title="bbox 280 1924 1370 2012; baseline -0.005 -20"><span class='ocrx_word' id='word_1_115' title='bbox 280 1935 463 2012; x_wconf 89' lang='lat' dir='ltr'><strong>pugnatur:</strong></span> <span class='ocrx_word' id='word_1_116' title='bbox 503 1935 596 1992; x_wconf 89' lang='lat' dir='ltr'><strong>muta</strong></span> <span class='ocrx_word' id='word_1_117' title='bbox 611 1926 718 1990; x_wconf 86' lang='lat' dir='ltr'><strong>millia</strong></span> <span class='ocrx_word' id='word_1_118' title='bbox 732 1927 900 1992; x_wconf 88' lang='lat' dir='ltr'><strong>hominum</strong></span> <span class='ocrx_word' id='word_1_119' title='bbox 913 1947 957 1991; x_wconf 83' lang='lat' dir='ltr'><strong>ex</strong></span> <span class='ocrx_word' id='word_1_120' title='bbox 969 1933 1109 2010; x_wconf 90' lang='lat' dir='ltr'><strong>utraque</strong></span> <span class='ocrx_word' id='word_1_121' title='bbox 1129 1931 1222 2010; x_wconf 88' lang='lat' dir='ltr'><strong>parte</strong></span> <span class='ocrx_word' id='word_1_122' title='bbox 1237 1924 1370 1990; x_wconf 91' lang='lat' dir='ltr'><strong>cadunt.</strong></span> 
     </span>
     <span class='ocr_line' id='line_1_17' title="bbox 280 2025 1370 2112; baseline -0.005 -19"><span class='ocrx_word' id='word_1_123' title='bbox 280 2029 416 2093; x_wconf 90' lang='lat' dir='ltr'><strong>Troilus</strong></span> <span class='ocrx_word' id='word_1_124' title='bbox 430 2027 659 2111; x_wconf 88' lang='lat' dir='ltr'><strong>Myrmidonas</strong></span> <span class='ocrx_word' id='word_1_125' title='bbox 672 2028 895 2111; x_wconf 87' lang='lat' dir='ltr'><strong>persequitur,</strong></span> <span class='ocrx_word' id='word_1_126' title='bbox 909 2030 1039 2107; x_wconf 87' lang='lat' dir='ltr'><strong>sternit,</strong></span> <span class='ocrx_word' id='word_1_127' title='bbox 1055 2029 1160 2112; x_wconf 84' lang='lat' dir='ltr'><strong>lugat.</strong></span> <span class='ocrx_word' id='word_1_128' title='bbox 1190 2025 1370 2109; x_wconf 90' lang='lat' dir='ltr'><strong>Agamem-</strong></span> 
     </span>
     <span class='ocr_line' id='line_1_18' title="bbox 281 2127 1369 2213; baseline -0.005 -18"><span class='ocrx_word' id='word_1_129' title='bbox 281 2148 349 2195; x_wconf 88' lang='lat' dir='ltr'><strong>non</strong></span> <span class='ocrx_word' id='word_1_130' title='bbox 363 2135 400 2194; x_wconf 92' lang='lat' dir='ltr'><strong>ut</strong></span> <span class='ocrx_word' id='word_1_131' title='bbox 414 2129 497 2194; x_wconf 83' lang='lat' dir='ltr'><strong>vidit</strong></span> <span class='ocrx_word' id='word_1_132' title='bbox 517 2129 632 2213; x_wconf 87' lang='lat' dir='ltr'><strong>plnres</strong></span> <span class='ocrx_word' id='word_1_133' title='bbox 654 2149 699 2194; x_wconf 83' lang='lat' dir='ltr'><strong>ex</strong></span> <span class='ocrx_word' id='word_1_134' title='bbox 721 2149 784 2194; x_wconf 90' lang='lat' dir='ltr'><strong>sua</strong></span> <span class='ocrx_word' id='word_1_135' title='bbox 803 2135 898 2212; x_wconf 89' lang='lat' dir='ltr'><strong>parte</strong></span> <span class='ocrx_word' id='word_1_136' title='bbox 912 2130 1056 2207; x_wconf 86' lang='lat' dir='ltr'><strong>ooeisos,</strong></span> <span class='ocrx_word' id='word_1_137' title='bbox 1080 2129 1234 2195; x_wconf 88' lang='lat' dir='ltr'><strong>inducias</strong></span> <span class='ocrx_word' id='word_1_138' title='bbox 1248 2128 1282 2190; x_wconf 91' lang='lat' dir='ltr'><strong>in</strong></span> <span class='ocrx_word' id='word_1_139' title='bbox 1297 2127 1369 2191; x_wconf 89' lang='lat' dir='ltr'><strong>dies</strong></span> 
     </span>
     <span class='ocr_line' id='line_1_19' title="bbox 281 2227 1368 2314; baseline -0.002 -20"><span class='ocrx_word' id='word_1_140' title='bbox 281 2231 411 2312; x_wconf 90' lang='lat' dir='ltr'><strong>triginta</strong></span> <span class='ocrx_word' id='word_1_141' title='bbox 431 2231 527 2314; x_wconf 89' lang='lat' dir='ltr'><strong>petit,</strong></span> <span class='ocrx_word' id='word_1_142' title='bbox 544 2238 582 2294; x_wconf 94' lang='lat' dir='ltr'><strong>ut</strong></span> <span class='ocrx_word' id='word_1_143' title='bbox 604 2250 688 2294; x_wconf 89' lang='lat' dir='ltr'><strong>snos</strong></span> <span class='ocrx_word' id='word_1_144' title='bbox 709 2230 862 2294; x_wconf 75' lang='lat' dir='ltr'><strong>funerare</strong></span> <span class='ocrx_word' id='word_1_145' title='bbox 876 2232 999 2314; x_wconf 88' lang='lat' dir='ltr'><strong>possit.</strong></span> <span class='ocrx_word' id='word_1_146' title='bbox 1044 2231 1198 2296; x_wconf 89' lang='lat' dir='ltr'><strong>Priamus</strong></span> <span class='ocrx_word' id='word_1_147' title='bbox 1212 2227 1368 2292; x_wconf 86' lang='lat' dir='ltr'><strong>inducias</strong></span> 
     </span>
     <span class='ocr_line' id='line_1_20' title="bbox 282 2329 1368 2416; baseline -0.005 -20"><span class='ocrx_word' id='word_1_148' title='bbox 282 2331 397 2412; x_wconf 83' lang='lat' dir='ltr'><strong>dedit3</strong></span> <span class='ocrx_word' id='word_1_149' title='bbox 430 2352 511 2396; x_wconf 87' lang='lat' dir='ltr'><strong>suos</strong></span> <span class='ocrx_word' id='word_1_150' title='bbox 541 2333 683 2416; x_wconf 88' lang='lat' dir='ltr'><strong>quisque</strong></span> <span class='ocrx_word' id='word_1_151' title='bbox 710 2331 924 2416; x_wconf 89' lang='lat' dir='ltr'><strong>sepeliendos</strong></span> <span class='ocrx_word' id='word_1_152' title='bbox 953 2338 1055 2398; x_wconf 87' lang='lat' dir='ltr'><strong>norat.</strong></span> <span class='ocrx_word' id='word_1_153' title='bbox 1106 2331 1189 2414; x_wconf 67' lang='grc'>[33]</span> <span class='ocrx_word' id='word_1_154' title='bbox 1218 2329 1368 2412; x_wconf 86' lang='lat' dir='ltr'><strong>Tempus</strong></span> 
     </span>
     <span class='ocr_line' id='line_1_21' title="bbox 281 2430 1376 2518; baseline -0.005 -20"><span class='ocrx_word' id='word_1_155' title='bbox 281 2453 404 2516; x_wconf 86' lang='lat' dir='ltr'><strong>pugnae</strong></span> <span class='ocrx_word' id='word_1_156' title='bbox 434 2436 637 2518; x_wconf 81' lang='lat' dir='ltr'><strong>supervenit.</strong></span> <span class='ocrx_word' id='word_1_157' title='bbox 680 2435 817 2518; x_wconf 90' lang='lat' dir='ltr'><strong>Trojani</strong></span> <span class='ocrx_word' id='word_1_158' title='bbox 840 2435 1021 2501; x_wconf 83' lang='lat' dir='ltr'><strong>exercitum</strong></span> <span class='ocrx_word' id='word_1_159' title='bbox 1045 2434 1200 2498; x_wconf 88' lang='lat' dir='ltr'><strong>educunt.</strong></span> <span class='ocrx_word' id='word_1_160' title='bbox 1243 2430 1376 2496; x_wconf 82' lang='lat' dir='ltr'><strong>Contra.</strong></span> 
     </span>
     <span class='ocr_line' id='line_1_22' title="bbox 283 2532 1367 2620; baseline 0 -23"><span class='ocrx_word' id='word_1_161' title='bbox 283 2532 513 2616; x_wconf 85' lang='lat' dir='ltr'><strong>Agamemnon</strong></span> <span class='ocrx_word' id='word_1_162' title='bbox 528 2555 641 2600; x_wconf 88' lang='lat' dir='ltr'><strong>omues</strong></span> <span class='ocrx_word' id='word_1_163' title='bbox 654 2536 760 2602; x_wconf 85' lang='lat' dir='ltr'><strong>duces</strong></span> <span class='ocrx_word' id='word_1_164' title='bbox 780 2538 816 2600; x_wconf 91' lang='lat' dir='ltr'><strong>iu</strong></span> <span class='ocrx_word' id='word_1_165' title='bbox 838 2555 983 2620; x_wconf 87' lang='lat' dir='ltr'><strong>pugnam</strong></span> <span class='ocrx_word' id='word_1_166' title='bbox 996 2537 1093 2620; x_wconf 87' lang='lat' dir='ltr'><strong>cogit.</strong></span> <span class='ocrx_word' id='word_1_167' title='bbox 1138 2534 1262 2600; x_wconf 88' lang='lat' dir='ltr'><strong>Praelio</strong></span> <span class='ocrx_word' id='word_1_168' title='bbox 1276 2538 1367 2598; x_wconf 85' lang='lat' dir='ltr'><strong>oom-</strong></span> 
     </span>
     <span class='ocr_line' id='line_1_23' title="bbox 279 2636 1366 2721; baseline 0.001 -23"><span class='ocrx_word' id='word_1_169' title='bbox 279 2637 383 2700; x_wconf 86' lang='lat' dir='ltr'><strong>misso</strong></span> <span class='ocrx_word' id='word_1_170' title='bbox 407 2637 447 2700; x_wconf 88' lang='lat' dir='ltr'><strong>tit</strong></span> <span class='ocrx_word' id='word_1_171' title='bbox 468 2656 588 2719; x_wconf 87' lang='lat' dir='ltr'><strong>magna</strong></span> <span class='ocrx_word' id='word_1_172' title='bbox 611 2639 744 2703; x_wconf 81' lang='lat' dir='ltr'><strong>oaedes:</strong></span> <span class='ocrx_word' id='word_1_173' title='bbox 770 2639 889 2703; x_wconf 87' lang='lat' dir='ltr'><strong>aeriter</strong></span> <span class='ocrx_word' id='word_1_174' title='bbox 903 2640 1055 2705; x_wconf 85' lang='lat' dir='ltr'><strong>saeviunt.</strong></span> <span class='ocrx_word' id='word_1_175' title='bbox 1100 2639 1287 2721; x_wconf 90' lang='lat' dir='ltr'><strong>Postquam</strong></span> <span class='ocrx_word' id='word_1_176' title='bbox 1300 2636 1366 2718; x_wconf 88' lang='lat' dir='ltr'><strong>pri·</strong></span> 
     </span>
     <span class='ocr_line' id='line_1_24' title="bbox 280 2735 1363 2822; baseline 0.001 -24"><span class='ocrx_word' id='word_1_177' title='bbox 280 2755 371 2800; x_wconf 89' lang='lat' dir='ltr'><strong>mum</strong></span> <span class='ocrx_word' id='word_1_178' title='bbox 386 2742 516 2820; x_wconf 90' lang='lat' dir='ltr'><strong>tempus</strong></span> <span class='ocrx_word' id='word_1_179' title='bbox 531 2738 595 2801; x_wconf 92' lang='lat' dir='ltr'><strong>diei</strong></span> <span class='ocrx_word' id='word_1_180' title='bbox 611 2739 752 2817; x_wconf 86' lang='lat' dir='ltr'><strong>transiit,</strong></span> <span class='ocrx_word' id='word_1_181' title='bbox 768 2739 925 2822; x_wconf 84' lang='lat' dir='ltr'><strong>proditio</strong></span> <span class='ocrx_word' id='word_1_182' title='bbox 941 2735 1079 2822; x_wconf 57' lang='lat' dir='ltr'><strong>praelio*</strong></span> <span class='ocrx_word' id='word_1_183' title='bbox 1093 2739 1240 2816; x_wconf 90' lang='lat' dir='ltr'><strong>Troilus,</strong></span> <span class='ocrx_word' id='word_1_184' title='bbox 1256 2737 1363 2813; x_wconf 88' lang='lat' dir='ltr'><strong>caedit,</strong></span> 
     </span>
     <span class='ocr_line' id='line_1_25' title="bbox 280 2837 1364 2920; baseline 0.002 -22"><span class='ocrx_word' id='word_1_185' title='bbox 280 2838 467 2918; x_wconf 89' lang='lat' dir='ltr'><strong>prosternit.</strong></span> <span class='ocrx_word' id='word_1_186' title='bbox 514 2837 632 2920; x_wconf 85' lang='lat' dir='ltr'><strong>Argivi</strong></span> <span class='ocrx_word' id='word_1_187' title='bbox 645 2838 757 2920; x_wconf 85' lang='lat' dir='ltr'><strong>sugam</strong></span> <span class='ocrx_word' id='word_1_188' title='bbox 772 2859 847 2903; x_wconf 89' lang='lat' dir='ltr'><strong>oum</strong></span> <span class='ocrx_word' id='word_1_189' title='bbox 861 2841 1005 2904; x_wconf 87' lang='lat' dir='ltr'><strong>clamore</strong></span> <span class='ocrx_word' id='word_1_190' title='bbox 1020 2841 1182 2905; x_wconf 76' lang='lat' dir='ltr'><strong>lecerunt.</strong></span> <span class='ocrx_word' id='word_1_191' title='bbox 1213 2837 1364 2903; x_wconf 86' lang='lat' dir='ltr'><strong>Achilles</strong></span> 
     </span>
     <span class='ocr_line' id='line_1_26' title="bbox 280 2936 1360 3024; baseline 0.003 -26"><span class='ocrx_word' id='word_1_192' title='bbox 280 2944 320 3000; x_wconf 88' lang='lat' dir='ltr'><strong>ut</strong></span> <span class='ocrx_word' id='word_1_193' title='bbox 334 2936 420 3000; x_wconf 85' lang='lat' dir='ltr'><strong>vidit</strong></span> <span class='ocrx_word' id='word_1_194' title='bbox 433 2937 582 3003; x_wconf 89' lang='lat' dir='ltr'><strong>Troilum</strong></span> <span class='ocrx_word' id='word_1_195' title='bbox 596 2940 643 3004; x_wconf 90' lang='lat' dir='ltr'><strong>ita</strong></span> <span class='ocrx_word' id='word_1_196' title='bbox 657 2941 790 3018; x_wconf 75' lang='lat' dir='ltr'><strong>saevire,</strong></span> <span class='ocrx_word' id='word_1_197' title='bbox 809 2950 843 3006; x_wconf 88' lang='lat' dir='ltr'><strong>ot</strong></span> <span class='ocrx_word' id='word_1_198' title='bbox 856 2941 989 3024; x_wconf 90' lang='lat' dir='ltr'><strong>Argivis</strong></span> <span class='ocrx_word' id='word_1_199' title='bbox 1010 2943 1180 3019; x_wconf 88' lang='lat' dir='ltr'><strong>insultare,</strong></span> <span class='ocrx_word' id='word_1_200' title='bbox 1196 2941 1360 3021; x_wconf 89' lang='lat' dir='ltr'><strong>simulque</strong></span> 
     </span>
     <span class='ocr_line' id='line_1_27' title="bbox 280 3037 1372 3125; baseline 0.008 -25"><span class='ocrx_word' id='word_1_201' title='bbox 280 3037 350 3101; x_wconf 87' lang='lat' dir='ltr'><strong>sine</strong></span> <span class='ocrx_word' id='word_1_202' title='bbox 363 3037 602 3104; x_wconf 88' lang='lat' dir='ltr'><strong>intermissione</strong></span> <span class='ocrx_word' id='word_1_203' title='bbox 617 3044 839 3124; x_wconf 90' lang='lat' dir='ltr'><strong>prosternere,</strong></span> <span class='ocrx_word' id='word_1_204' title='bbox 854 3041 997 3125; x_wconf 88' lang='lat' dir='ltr'><strong>Argivos</strong></span> <span class='ocrx_word' id='word_1_205' title='bbox 1020 3045 1182 3119; x_wconf 89' lang='lat' dir='ltr'><strong>laborare,</strong></span> <span class='ocrx_word' id='word_1_206' title='bbox 1207 3041 1372 3124; x_wconf 40' lang='lat' dir='ltr'><strong>prosiluit,</strong></span> 
     </span>
     <span class='ocr_line' id='line_1_28' title="bbox 280 3137 1362 3230; baseline 0.004 -30"><span class='ocrx_word' id='word_1_207' title='bbox 280 3137 314 3200; x_wconf 91' lang='lat' dir='ltr'><strong>in</strong></span> <span class='ocrx_word' id='word_1_208' title='bbox 329 3139 464 3203; x_wconf 90' lang='lat' dir='ltr'><strong>bellum.</strong></span> <span class='ocrx_word' id='word_1_209' title='bbox 507 3139 593 3209; x_wconf 87' lang='lat' dir='ltr'><strong>Eum</strong></span> <span class='ocrx_word' id='word_1_210' title='bbox 618 3143 779 3210; x_wconf 89' lang='lat' dir='ltr'><strong>contiuno</strong></span> <span class='ocrx_word' id='word_1_211' title='bbox 805 3144 941 3210; x_wconf 87' lang='lat' dir='ltr'><strong>Troilus</strong></span> <span class='ocrx_word' id='word_1_212' title='bbox 967 3140 1141 3230; x_wconf 88' lang='lat' dir='ltr'><strong>praecipit,¹</strong></span> <span class='ocrx_word' id='word_1_213' title='bbox 1166 3150 1202 3208; x_wconf 86' lang='lat' dir='ltr'><strong>et</strong></span> <span class='ocrx_word' id='word_1_214' title='bbox 1225 3142 1362 3208; x_wconf 84' lang='lat' dir='ltr'><strong>sauciat.</strong></span> 
     </span>
    </p>
   </div>
   <div class='ocr_carea' id='block_1_5' title="bbox 732 3338 912 3360">
    <p class='ocr_par' dir='ltr' id='par_1_5' title="bbox 732 3338 912 3360">
     <span class='ocr_line' id='line_1_29' title="bbox 732 3338 912 3360; baseline 0.006 -1"><span class='ocrx_word' id='word_1_215' title='bbox 732 3338 912 3360; x_wconf 59' lang='lat' dir='ltr'><strong>meeum»</strong></span> 
     </span>
    </p>
   </div>
   <div class='ocr_carea' id='block_1_6' title="bbox 311 3449 825 3520">
    <p class='ocr_par' dir='ltr' id='par_1_6' title="bbox 311 3449 825 3520">
     <span class='ocr_line' id='line_1_30' title="bbox 311 3449 825 3520; baseline 0.023 -25"><span class='ocrx_word' id='word_1_216' title='bbox 311 3451 327 3495; x_wconf 81' lang='grc'><strong>8</strong></span> <span class='ocrx_word' id='word_1_217' title='bbox 343 3449 513 3514; x_wconf 61' lang='lat' dir='ltr'><strong>numurus,</strong></span> <span class='ocrx_word' id='word_1_218' title='bbox 524 3456 552 3500; x_wconf 89' lang='lat' dir='ltr'><strong>et</strong></span> <span class='ocrx_word' id='word_1_219' title='bbox 564 3451 600 3502; x_wconf 85' lang='lat' dir='ltr'><strong>sic</strong></span> <span class='ocrx_word' id='word_1_220' title='bbox 613 3453 719 3518; x_wconf 80' lang='lat' dir='ltr'><strong>passim,</strong></span> <span class='ocrx_word' id='word_1_221' title='bbox 728 3455 825 3520; x_wconf 87' lang='lat' dir='ltr'><strong>Delplr.</strong></span> 
     </span>
    </p>
   </div>
   <div class='ocr_carea' id='block_1_7' title="bbox 769 3631 875 3688">
    <p class='ocr_par' dir='ltr' id='par_1_7' title="bbox 769 3631 875 3688">
     <span class='ocr_line' id='line_1_31' title="bbox 769 3631 875 3688; baseline 0 -6"><span class='ocrx_word' id='word_1_222' title='bbox 769 3631 875 3688; x_wconf 80' lang='lat' dir='ltr'><strong>NOTAE</strong></span> 
     </span>
    </p>
   </div>
   <div class='ocr_carea' id='block_1_8' title="bbox 308 3732 1366 3806">
    <p class='ocr_par' dir='ltr' id='par_1_8' title="bbox 308 3732 1366 3806">
     <span class='ocr_line' id='line_1_32' title="bbox 308 3732 1366 3806; baseline 0.014 -24"><span class='ocrx_word' id='word_1_223' title='bbox 308 3732 671 3806; x_wconf 62' lang='lat' dir='ltr'><strong>tmantrmuormimrm]</strong></span> <span class='ocrx_word' id='word_1_224' title='bbox 695 3742 801 3794; x_wconf 82' lang='lat' dir='ltr'><strong>ExHo·</strong></span> <span class='ocrx_word' id='word_1_225' title='bbox 841 3759 891 3794; x_wconf 87' lang='lat' dir='ltr'><strong>uon</strong></span> <span class='ocrx_word' id='word_1_226' title='bbox 911 3745 1056 3796; x_wconf 69' lang='lat' dir='ltr'><strong>abstineat!</strong></span> <span class='ocrx_word' id='word_1_227' title='bbox 1081 3746 1138 3796; x_wconf 76' lang='lat' dir='ltr'><strong>Idu.</strong></span> <span class='ocrx_word' id='word_1_228' title='bbox 1156 3761 1218 3798; x_wconf 82' lang='lat' dir='ltr'><strong>rrrr.</strong></span> <span class='ocrx_word' id='word_1_229' title='bbox 1237 3747 1366 3797; x_wconf 83' lang='lat' dir='ltr'><strong>‘Alexan-</strong></span> 
     </span>
    </p>
   </div>
   <div class='ocr_carea' id='block_1_9' title="bbox 277 3811 1365 3958">
    <p class='ocr_par' dir='ltr' id='par_1_9' title="bbox 277 3811 1365 3958">
     <span class='ocr_line' id='line_1_33' title="bbox 278 3811 1365 3880; baseline 0.012 -21"><span class='ocrx_word' id='word_1_230' title='bbox 278 3825 349 3860; x_wconf 85' lang='lat' dir='ltr'><strong>mero</strong></span> <span class='ocrx_word' id='word_1_231' title='bbox 359 3811 528 3876; x_wconf 80' lang='lat' dir='ltr'><strong>immutatum,</strong></span> <span class='ocrx_word' id='word_1_232' title='bbox 539 3814 608 3876; x_wconf 77' lang='lat' dir='ltr'><strong>apud</strong></span> <span class='ocrx_word' id='word_1_233' title='bbox 621 3831 696 3880; x_wconf 86' lang='lat' dir='ltr'><strong>qoem</strong></span> <span class='ocrx_word' id='word_1_234' title='bbox 711 3818 800 3869; x_wconf 83' lang='lat' dir='ltr'><strong>Aclril-</strong></span> <span class='ocrx_word' id='word_1_235' title='bbox 840 3820 913 3870; x_wconf 89' lang='lat' dir='ltr'><strong>dram</strong></span> <span class='ocrx_word' id='word_1_236' title='bbox 936 3823 1050 3872; x_wconf 79' lang='lat' dir='ltr'><strong>Romano</strong></span> <span class='ocrx_word' id='word_1_237' title='bbox 1072 3822 1138 3872; x_wconf 90' lang='lat' dir='ltr'><strong>bello</strong></span> <span class='ocrx_word' id='word_1_238' title='bbox 1159 3821 1264 3874; x_wconf 80' lang='lat' dir='ltr'><strong>fortuna</strong></span> <span class='ocrx_word' id='word_1_239' title='bbox 1286 3823 1365 3872; x_wconf 81' lang='lat' dir='ltr'><strong>abeti-</strong></span> 
     </span>
     <span class='ocr_line' id='line_1_34' title="bbox 277 3887 911 3958; baseline 0.016 -23"><span class='ocrx_word' id='word_1_240' title='bbox 277 3888 315 3936; x_wconf 86' lang='lat' dir='ltr'><strong>ler</strong></span> <span class='ocrx_word' id='word_1_241' title='bbox 322 3887 424 3952; x_wconf 87' lang='lat' dir='ltr'><strong>quidem</strong></span> <span class='ocrx_word' id='word_1_242' title='bbox 436 3902 549 3952; x_wconf 85' lang='lat' dir='ltr'><strong>pugnare</strong></span> <span class='ocrx_word' id='word_1_243' title='bbox 556 3893 717 3954; x_wconf 78' lang='lat' dir='ltr'><strong>recurat,red</strong></span> <span class='ocrx_word' id='word_1_244' title='bbox 727 3895 799 3958; x_wconf 84' lang='lat' dir='ltr'><strong>Myr·</strong></span> <span class='ocrx_word' id='word_1_245' title='bbox 838 3895 911 3946; x_wconf 83' lang='lat' dir='ltr'><strong>nuit&#39;</strong></span> 
     </span>
    </p>
   </div>
   <div class='ocr_carea' id='block_1_10' title="bbox 276 3962 1365 4267">
    <p class='ocr_par' dir='ltr' id='par_1_10' title="bbox 276 3962 1364 4036">
     <span class='ocr_line' id='line_1_35' title="bbox 276 3962 1364 4036; baseline 0.015 -26"><span class='ocrx_word' id='word_1_246' title='bbox 276 3962 392 4012; x_wconf 83' lang='lat' dir='ltr'><strong>midonaa</strong></span> <span class='ocrx_word' id='word_1_247' title='bbox 408 3977 466 4013; x_wconf 86' lang='lat' dir='ltr'><strong>roos</strong></span> <span class='ocrx_word' id='word_1_248' title='bbox 481 3977 537 4022; x_wconf 79' lang='lat' dir='ltr'><strong>eum</strong></span> <span class='ocrx_word' id='word_1_249' title='bbox 554 3964 677 4016; x_wconf 78' lang='lat' dir='ltr'><strong>Patroclo</strong></span> <span class='ocrx_word' id='word_1_250' title='bbox 692 3969 720 4017; x_wconf 89' lang='lat' dir='ltr'><strong>in</strong></span> <span class='ocrx_word' id='word_1_251' title='bbox 734 3984 798 4034; x_wconf 83' lang='lat' dir='ltr'><strong>pog-</strong></span> <span class='ocrx_word' id='word_1_252' title='bbox 871 3970 884 4005; x_wconf 72' lang='lat'><em>¹</em></span> <span class='ocrx_word' id='word_1_253' title='bbox 899 3972 987 4020; x_wconf 81' lang='lat' dir='ltr'><strong>Prodit</strong></span> <span class='ocrx_word' id='word_1_254' title='bbox 996 3973 1023 4021; x_wconf 81' lang='grc' dir='ltr'><strong>ιἰι</strong></span> <span class='ocrx_word' id='word_1_255' title='bbox 1030 3973 1125 4036; x_wconf 74' lang='lat' dir='ltr'><strong>prelio]</strong></span> <span class='ocrx_word' id='word_1_256' title='bbox 1147 3975 1238 4025; x_wconf 79' lang='lat' dir='ltr'><strong>Potius</strong></span> <span class='ocrx_word' id='word_1_257' title='bbox 1249 3975 1364 4026; x_wconf 85' lang='lat' dir='ltr'><strong>seribere</strong></span> 
     </span>
    </p>

    <p class='ocr_par' dir='ltr' id='par_1_11' title="bbox 276 4041 1365 4184">
     <span class='ocr_line' id='line_1_36' title="bbox 276 4041 1365 4116; baseline 0.014 -30"><span class='ocrx_word' id='word_1_258' title='bbox 276 4052 336 4088; x_wconf 83' lang='lat' dir='ltr'><strong>nam</strong></span> <span class='ocrx_word' id='word_1_259' title='bbox 347 4041 436 4090; x_wconf 84' lang='lat' dir='ltr'><strong>mittit.</strong></span> <span class='ocrx_word' id='word_1_260' title='bbox 839 4044 1156 4112; x_wconf 76' lang='lat' dir='ltr'><strong>debebat,‘inpraellum;’</strong></span> <span class='ocrx_word' id='word_1_261' title='bbox 1168 4049 1365 4116; x_wconf 81' lang='lat' dir='ltr'><strong>utinfra,‘pro·</strong></span> 
     </span>
     <span class='ocr_line' id='line_1_37' title="bbox 312 4113 1103 4184; baseline 0.013 -20"><span class='ocrx_word' id='word_1_262' title='bbox 312 4113 599 4170; x_wconf 75' lang='lat' dir='ltr'><strong>¹Quooueoertaerero</strong></span> <span class='ocrx_word' id='word_1_263' title='bbox 614 4121 706 4184; x_wconf 69' lang='lat' dir='ltr'><strong>pugno]</strong></span> <span class='ocrx_word' id='word_1_264' title='bbox 732 4123 798 4172; x_wconf 89' lang='lat' dir='ltr'><strong>Bru·</strong></span> <span class='ocrx_word' id='word_1_265' title='bbox 838 4123 910 4172; x_wconf 81' lang='lat' dir='ltr'><strong>siluit</strong></span> <span class='ocrx_word' id='word_1_266' title='bbox 918 4124 944 4172; x_wconf 85' lang='lat' dir='ltr'><strong>in</strong></span> <span class='ocrx_word' id='word_1_267' title='bbox 955 4123 1069 4176; x_wconf 55' lang='lat' dir='ltr'><strong>bellum?</strong></span> <span class='ocrx_word' id='word_1_268' title='bbox 1100 4139 1103 4144; x_wconf 89' lang='lat'>·</span> 
     </span>
    </p>

    <p class='ocr_par' dir='ltr' id='par_1_12' title="bbox 276 4190 1364 4267">
     <span class='ocr_line' id='line_1_38' title="bbox 276 4190 1364 4267; baseline 0.013 -29"><span class='ocrx_word' id='word_1_269' title='bbox 276 4194 318 4238; x_wconf 84' lang='lat' dir='ltr'><strong>tur</strong></span> <span class='ocrx_word' id='word_1_270' title='bbox 335 4190 368 4239; x_wconf 86' lang='lat' dir='ltr'><strong>ad</strong></span> <span class='ocrx_word' id='word_1_271' title='bbox 385 4190 517 4242; x_wconf 81' lang='lat' dir='ltr'><strong>Atticum:</strong></span> <span class='ocrx_word' id='word_1_272' title='bbox 542 4193 597 4244; x_wconf 85' lang='lat' dir='ltr'><strong>‘Ut</strong></span> <span class='ocrx_word' id='word_1_273' title='bbox 612 4208 640 4244; x_wconf 84' lang='lat' dir='ltr'><strong>se</strong></span> <span class='ocrx_word' id='word_1_274' title='bbox 656 4196 798 4250; x_wconf 80' lang='lat' dir='ltr'><strong>maledictis</strong></span> <span class='ocrx_word' id='word_1_275' title='bbox 872 4197 878 4232; x_wconf 90' lang='lat'>¹</span> <span class='ocrx_word' id='word_1_276' title='bbox 903 4199 1032 4264; x_wconf 76' lang='lat' dir='ltr'><strong>Proriptt]</strong></span> <span class='ocrx_word' id='word_1_277' title='bbox 1065 4201 1096 4250; x_wconf 89' lang='lat' dir='ltr'><strong>ld</strong></span> <span class='ocrx_word' id='word_1_278' title='bbox 1117 4208 1166 4266; x_wconf 86' lang='lat' dir='ltr'><strong>ert,</strong></span> <span class='ocrx_word' id='word_1_279' title='bbox 1187 4207 1364 4267; x_wconf 75' lang='lat' dir='ltr'><strong>praeoccupat.</strong></span> 
     </span>
    </p>
   </div>
   <div class='ocr_carea' id='block_1_11' title="bbox 0 0 1560 4950">
    <p class='ocr_par' dir='ltr' id='par_1_13' title="bbox 0 0 1560 4950">
     <span class='ocr_line' id='line_1_39' title="bbox 0 0 1560 4950; baseline 0 2"><span class='ocrx_word' id='word_1_280' title='bbox 0 0 1560 4950; x_wconf 95' lang='lat' dir='ltr'><strong> </strong></span> 
     </span>
    </p>
   </div>
  </div>
 </body>
</html>
