3152 4950
471 399 521 447 nu
544 397 664 446 runnu
688 394 860 444 urciano
884 395 957 446 ure.
983 397 1038 446 ιιι.
1230 381 1296 448 205

203 547 252 622 ni,
279 543 473 608 comitatum
499 540 587 622 regia
604 497 723 604 'oeulis
748 547 1043 622 prosequerentur:
1065 559 1132 623 quo
1151 540 1228 606 rino
1247 557 1297 604 re·

203 651 305 731 pente
319 642 485 708 silendum
499 659 544 706 ex
560 639 776 706 admiratione
789 639 906 706 oritur.
934 637 989 740 Ac
1003 659 1081 706 mox
1095 659 1189 724 rcqer
1203 643 1296 709 aridi

203 763 340 812 noscere
357 756 479 808 canem
491 741 655 808 adventur
670 740 745 823 ejus
759 739 945 823 procedunt
959 742 1105 808 obviam.
1143 742 1297 809 Priamus

202 845 262 910 nbi
276 845 321 910 etl
334 863 371 908 se
385 844 476 910 tondi
491 842 603 908 videt³
624 841 778 926 protinus
791 841 827 906 in
841 859 882 906 os
896 839 987 917 ruit,¹¹
1009 841 1178 926 pulverem
1197 849 1297 928 atque

202 945 293 1012 ιιΙίιι8
319 945 413 1010 humi
441 948 660 1028 purgamenta
685 942 790 1026 capiti
810 959 1004 1026 mpergene:
1033 943 1110 1023 dein
1139 951 1225 1022 orat,
1248 947 1297 1010 uti

202 1046 352 1112 miserati
365 1043 515 1110 fortunas
533 1062 624 1122 suaa,
647 1047 841 1125 precatores
863 1061 978 1106 secum
1001 1043 1046 1108 ad
1060 1041 1226 1109 Achillem
1240 1064 1297 1110 ve-

201 1145 304 1212 niant.
334 1143 418 1228 Ejus
433 1149 569 1210 aetatem
582 1141 815 1224 fortunamque
829 1141 1022 1206 recordatus
1037 1142 1072 1208 N
1072 1149 1175 1220 ester.
1190 1142 1282 1208 dolui
1289 1165 1299 1210 r

202 1251 320 1310 ccuha
333 1243 477 1326 Ulysaes
499 1241 688 1308 maledictis
710 1241 855 1324 insequi,
874 1247 908 1306 ct
930 1261 1196 1321 commemorare,
1219 1261 1297 1327 quet

202 1345 272 1412 ad⁹
285 1343 423 1428 'frojam
434 1343 469 1408 in
483 1341 624 1407 coneilio
639 1346 715 1406 aute
730 1347 874 1406 sumtum
890 1341 1014 1408 bellurn
1028 1342 1104 1426 ipae
1119 1343 1297 1410 adversum

201 1441 334 1528 legatos
348 1439 498 1510 diruerat.¹
540 1443 593 1508 Eo
613 1446 793 1526 postquam
808 1441 936 1508 Achilli
957 1446 1109 1509 nuntiate
1127 1450 1217 1521 sunt,
1235 1461 1297 1528 per

201 1539 507 1612 Automedontem*
529 1542 705 1608 adversum
719 1541 761 1606 iri
776 1541 901 1625 juhet,¹
923 1544 1000 1628 ipse
1012 1545 1157 1610 retinens
1171 1547 1296 1628 gremio

202 1663 318 1712 urnam
332 1663 409 1710 cum
425 1643 573 1708 Patrocli
587 1643 733 1708 osrihue.
762 1641 846 1724 [tu]
861 1643 968 1725 Igitur
982 1645 1138 1727 ingressis
1153 1645 1296 1712 ducihue'

200 1746 325 1812 nostris
336 1763 413 1810 cum
424 1743 573 1820 Priamo,
584 1762 643 1810 ror
657 1743 766 1825 genua
777 1740 904 1810 Achilli
918 1746 1070 1810 manibus
1081 1746 1294 1828 complexuri

202 1845 302 1914 ‘Non
316 1850 353 1912 tu
367 1843 596 1927 mihi,’inquit,
607 1847 618 1877 ⁴
628 1840 898 1926 oausahnjuaee¹
909 1844 1062 1920 somnone,
1075 1846 1133 1912 sed
1146 1845 1295 1910 Deorum
1386 1869 1396 1918 ,-

201 1945 384 2031 quispiam,
407 1944 466 2027 qui
481 1950 685 2026 postremam
700 1946 836 2008 aetatem
856 1963 966 2010 meam
980 1964 1055 2010 cum
1074 1945 1223 2012 miserari
1237 1946 1296 2012 dc·

200 2048 307 2124 beret,
328 2046 363 2112 in
377 2045 482 2112 hasce
505 2063 670 2110 aerumnae
692 2042 843 2121 deduxit,
866 2044 1050 2112 confectum
1071 2045 1155 2128 jam,
1177 2063 1218 2112 ac
1239 2047 1295 2111 de-

200 2139 373 2232 fatigatam
399 2147 503 2212 tantia
526 2143 673 2211 luctibus
695 2143 852 2210 liliorum.
896 2143 1035 2228 Quippe
1059 2147 1093 2210 hi
1115 2146 1170 2212 liei
1192 2165 1294 2228 ragno
1396 2189 1398 2196 ι

201 2267 262 2332 por
277 2245 497 2330 juventutem,
522 2265 600 2310 curn
621 2263 752 2328 semper
775 2245 976 2328 cupiditates
999 2246 1132 2310 animim
1157 2265 1295 2330 quoquo

200 2347 303 2412 modo
313 2347 449 2430 explere
464 2347 621 2428 gestiunt,
632 2345 716 2410 ultro
731 2344 808 2420 sihi,
822 2345 969 2428 mihique
980 2346 1156 2428 perniciem
1171 2347 1294 2412 machi·

201 2449 273 2516 nati
288 2454 385 2528 anun
406 2465 513 2531 neque
527 2445 665 2513 dubium
678 2445 845 2528 cuiquam,
860 2447 940 2528 quin
955 2448 1135 2512 contemtui
1156 2447 1202 2512 ait
1215 2447 1294 2512 ado.

200 2548 374 2616 lcuceutiar
388 2555 534 2628 senectae
550 2553 645 2614 aetna.
676 2545 778 2625 Quod
791 2546 823 2610 ai
838 2546 971 2612 interitu
985 2565 1061 2612 mec
1076 2548 1197 2632 reliqui
1206 2556 1220 2582 ‘¹
1234 2547 1295 2612 hu-

197 2650 386 2734 §nannoni
401 2649 606 2716 facinoribus
618 2647 864 2731 temperabunt,
881 2667 934 2716 mc
949 2667 1095 2732 quoqne,
1108 2649 1138 2714 si
1153 2647 1294 2718 videtur.

168 2945 172 2950 ’
202 2969 523 3036 torrentulum-a
542 2973 837 3039 nerpuaequqm
854 2973 1295 3039 narpu.qar.-1uerpn.0mnto

696 3151 803 3202 NouAE

235 3257 729 3325 ‘PriunrrrltodrrterdieidetJNihll
769 3261 827 3310 odra
835 3278 876 3322 μοι
886 3259 950 3318 cirin
961 3260 1025 3323 dccl,
1035 3251 1252 3318 denirdrtmnirtnl
1261 3259 1294 3308 ri·
1333 3295 1338 3304 .

201 3329 292 3382 horum
303 3335 372 3396 apud
383 3336 541 3397 Homerum
557 3339 603 3387 red
615 3353 673 3387 cnm
684 3337 729 3387 ille
768 3351 826 3398 nup
835 3337 867 3386 oi
881 3354 922 3397 μοι
932 3335 1072 3397 ἐφώρμησαν
1081 3334 1183 3393 cinnor
1192 3334 1294 3383 mida·

201 3407 329 3460 Mercurii
340 3406 451 3458 frhnlrru
467 3410 620 3470 immirccat,
634 3413 730 3473 Neuter
768 3411 945 3474 tpnv'hxrudr.
960 3409 1040 3460 ‘Nou
1053 3417 1080 3458 tu
1092 3408 1152 3456 rnihl
1168 3421 1245 3456 crura
1255 3421 1294 3468 er,

202 3481 253 3530 hoc
265 3481 357 3542 tacuit,
368 3489 396 3531 et
408 3483 457 3531 alia
474 3484 581 3548 adjecit,
598 3501 654 3550 qurr
666 3485 730 3536 faci·
769 3484 816 3532 Dii
826 3490 898 3533 certe
909 3495 987 3531 cauea
998 3487 1066 3540 eunt,
1085 3482 1137 3532 Qui
1155 3481 1215 3529 nrihi
1226 3481 1296 3529 exci-

202 3557 253 3606 linr
264 3553 490 3605 fidemiuveninut.
768 3565 859 3610 taront
885 3557 982 3607 bellum
998 3555 1165 3620 lacrymabile
1188 3553 1294 3606 Greco-

236 3628 250 3663 δ
265 3630 297 3678 la
307 3644 334 3678 or
343 3630 402 3686 ruit,
410 3631 541 3695 prienen]
556 3631 608 3681 Hic
618 3631 730 3682 reintru-
770 3629 846 3683 rum!

204 3705 231 3756 di
239 3719 293 3755 mos
302 3704 579 3770 populircrieutrlihua
587 3705 731 3764 familiarir,
809 3715 828 3741 ¹²
849 3707 997 3772 Cupiditutcr
1016 3706 1102 3771 animi]
1128 3707 1167 3756 Eo
1187 3706 1295 3758 inuuere

203 3781 300 3846 partim
312 3780 338 3828 iu
349 3777 428 3830 storin
439 3779 530 3830 literir.
770 3781 836 3846 vult,
856 3782 977 3832 Paridem
995 3782 1050 3832 riue
1071 3797 1118 3832 rua
1136 3783 1295 3832 courcieutir

237 3857 244 3890 ¹
258 3855 314 3920 lpte
327 3872 371 3922 per
381 3858 471 3920 legator
480 3856 587 3921 dixerim]
611 3855 679 3907 Vide
690 3870 731 3908 ru·
768 3857 888 3920 Spartam
905 3859 1050 3922 reviguere,
1059 3856 1169 3922 Juvenili
1184 3855 1295 3920 quodam

205 3946 261 3998 prr,
273 3946 307 3984 rr.
316 3936 358 3983 21.
770 3931 909 3997 desiderio,
924 3940 952 3984 et
969 3941 999 3984 ut
1015 3932 1093 3984 animi
1109 3931 1148 3982 rui
1166 3931 1295 3996 cupidita·

237 4005 249 4040 Ι
261 4008 311 4056 Per
321 4005 529 4072 Automedontem]
545 4007 611 4060 llreo
619 4007 731 4058 omnint
771 4013 824 4058 tem
835 4011 964 4076 expleret.

204 4081 338 4144 reDictyr
350 4082 456 4147 adjecit.
812 4092 825 4117 ¹¹
848 4085 956 4151 Reliqui]
986 4084 1037 4138 Qui
1059 4083 1120 4136 mihi
1142 4081 1190 4134 filii
1205 4096 1295 4148 ruper-

239 4152 247 4186 ¹
258 4156 315 4205 Noe
326 4161 353 4207 trr
362 4158 430 4220 mihi,
441 4158 528 4222 inquii,
544 4173 616 4208 carru
626 4156 732 4224 ludum]
769 4164 838 4212 tunt.

208 4229 250 4280 Ex
260 4229 292 4282 11.
302 4237 328 4283 r.
343 4232 387 4284 uhi
407 4233 524 4286 Priamur
536 4233 569 4284 ad
578 4233 727 4303 ‘Helenam
