3112 4950
336 413 342 420 ·
455 411 510 462 un
530 410 651 462 urano
671 411 1023 464 renasceremur.
1210 393 1278 470 287

179 554 406 622 uehementius
421 559 562 638 perstat,
582 559 620 620 et
634 554 799 622 ediverso
813 556 994 640 repellitur,
1017 557 1162 626 clamare
1184 557 1277 622 occis

180 657 242 741 pit,
264 657 438 741 iudignum
462 657 604 733 facinus,
628 657 798 740 prohiberi
813 679 851 738 se
874 679 896 725 a
917 659 1062 741 parentis
1082 659 1276 742 complexu.

181 759 235 822 Ita
249 758 398 822 credit0⁹
411 758 612 839 Telegonum
630 758 674 822 ad
689 759 893 824 inserendam
909 761 977 822 vim
999 760 1070 841 regi
1085 761 1276 838 adventare,

181 859 292 923 acrius
315 859 494 924 resistitur:
528 859 609 923 nulli
631 861 758 941 quippe
783 868 1000 942 compertum,
1029 879 1105 924 esse
1135 861 1276 924 alterum
1357 849 1359 852 ⁵

182 961 284 1024 etiarn
308 957 427 1044 Ulyssi
450 959 575 1026 filium:
599 967 657 1024 at¹
675 961 823 1043 juvenis,
846 962 904 1024 ubi
930 981 966 1026 se
989 960 1219 1026 vehementius
1245 970 1280 1026 et

182 1062 324 1144 pervim
341 1061 464 1145 repelli
479 1061 579 1138 videt,
602 1061 712 1128 dolore
727 1062 834 1128 elatus
850 1061 971 1132 multos
986 1061 1162 1127 custodum
1177 1063 1278 1132 iuter·
1304 1075 1307 1080 ·

180 1160 265 1239 licit,
294 1168 352 1225 aut
379 1162 521 1243 graviter
550 1163 741 1226 vulneratos
771 1161 934 1228 debilitat.
979 1162 1066 1241 Quae
1094 1170 1278 1247 postquam

184 1263 302 1344 Ulyssi
318 1264 450 1346 cognita
465 1269 552 1342 sunt,
567 1263 766 1327 existimaus
783 1263 943 1347 juvenem
958 1283 980 1327 a
993 1263 1197 1328 Telemacho
1219 1265 1280 1326 im·

183 1365 337 1440 missum,
365 1381 518 1444 egressus
543 1349 707 1442 lanceam,
730 1384 832 1447 quam
857 1366 900 1428 oh
925 1366 1062 1430 tutelam
1087 1366 1139 1430 sui
1169 1385 1280 1448 gerere

184 1468 413 1543 consueverat,
442 1464 616 1528 adversum
640 1465 844 1547 Telegonum
870 1465 1050 1548 jaculatur.
1093 1465 1158 1530 Sed
1185 1472 1281 1548 post·

184 1584 284 1648 quam
304 1564 498 1648 hujusmodi
521 1565 626 1630 ictum
650 1566 787 1650 juvenis
811 1587 893 1631 casu
919 1566 1066 1650 quodam
1090 1568 1282 1652 intercipit,¹¹

184 1667 260 1749 ipse
283 1665 317 1729 in
337 1671 509 1749 parentem
534 1666 660 1748 insigne
680 1667 831 1750 jaculum
858 1668 989 1744 emittit,
1013 1667 1281 1734 infelicissimum

186 1787 301 1833 casum
328 1767 484 1831 vulneri²
515 1767 790 1848 contemplatus.⁰
834 1767 882 1830 At
904 1767 962 1830 ubi
983 1769 1054 1830 ictu
1076 1787 1117 1852 eo
1142 1767 1282 1852 Ulysses

186 1867 343 1946 concidit,
369 1867 527 1948 gratulari
543 1886 617 1930 cum
632 1866 776 1944 fortuna,
799 1869 1014 1952 confiterique
1027 1871 1153 1951 optime
1169 1890 1281 1935 secum

187 1974 298 2033 actum
311 1967 403 2050 quod
426 1987 487 2050 per
501 1967 568 2031 vim
583 1969 714 2030 externi
728 1967 872 2032 hominis
886 1970 1094 2046 interemtae,
1109 1971 1282 2052 parricidii

187 2070 313 2134 scelere
335 2067 576 2134 Telemachum
603 2068 814 2132 carissimum
844 2071 909 2134 sibi
933 2070 1151 2134 liberavisset.
1194 2071 1283 2134 Dein
1313 2141 1318 2152 ‚

186 2171 350 2253 reliquum
380 2170 487 2234 adhuc
509 2173 673 2234 retentans
698 2170 864 2252 spiritum,
887 2169 1046 2254 juvenem
1070 2174 1283 2252 percunctari

187 2271 351 2354 quisnam,
367 2275 401 2335 et
416 2290 461 2335 ex
476 2290 542 2354 qno
556 2277 651 2334 ortus
665 2271 752 2347 loco,
767 2280 825 2335 se3
841 2270 932 2335 domi
944 2270 1098 2354 belloque
1108 2271 1284 2355 inclytum

188 2371 348 2455 Ulyssem
369 2369 501 2438 Laertae
516 2370 621 2434 filium
635 2371 820 2436 interficere
835 2367 946 2436 'ausus
969 2379 1073 2436 esset.
1116 2372 1203 2436 Tum
1217 2373 1284 2436 Te-

187 2473 328 2556 legonus
352 2472 486 2556 cognito
511 2479 682 2554 parentem
712 2492 802 2551 esse,
828 2481 969 2556 utraque
991 2492 1092 2537 manu
1116 2474 1284 2538 dilanians

189 2580 304 2656 caput,
324 2571 436 2637 fletum
451 2572 522 2638 edit
537 2591 637 2654 quarn
651 2571 885 2652 miserabilem,
901 2573 1047 2637 maxime
1063 2575 1284 2640 discruciatus

189 2675 232 2736 ob
246 2673 376 2737 illatam
392 2691 453 2755 per
466 2691 503 2735 se
517 2673 604 2754 patri
618 2690 744 2738 necem.
788 2673 907 2758 Itaque
917 2673 1048 2757 Ulyssi,
1060 2677 1111 2741 uti
1123 2675 1285 2752 voluerat,

189 2792 311 2836 nomen
325 2793 421 2836 sunm
437 2776 539 2853 atque
554 2773 685 2850 matris,
709 2773 852 2839 insulam
876 2781 1034 2858 qnoque4
1058 2777 1091 2839 in
1108 2795 1177 2860 qua
1192 2785 1284 2848 ortus

190 2885 288 2953 esset,
317 2881 352 2939 et
388 2875 431 2939 ad
467 2879 673 2957 postremum
710 2875 838 2957 insigna
866 2876 976 2959 jaculi
1015 2877 1173 2941 ostendit.
1230 2878 1285 2942 Ita
1322 2945 1327 2952 ,

157 2969 160 2972 ’
191 2974 345 3059 Ulysses,
369 2975 427 3038 ubi
450 2975 516 3039 vim
541 2977 763 3058 ingruentium
787 2977 992 3040 somniorum
1017 2978 1285 3062 praedictumque

193 3074 236 3138 ab
264 3074 499 3156 interpretibus
523 3074 602 3140 vitae
629 3075 756 3138 exitum
780 3076 891 3141 animo
914 3078 1108 3142 recordatus
1135 3084 1196 3156 est,
1216 3079 1287 3143 vul-

653 3285 825 3306 HOMO?

226 3431 353 3494 ttDelph.
363 3437 390 3482 et
402 3431 470 3494 vulg.
478 3430 651 3480 creditura-l
670 3431 765 3494 Delph.
782 3433 894 3482 dela-2
910 3431 1033 3496 vinding.
1044 3431 1181 3495 legendum
1199 3440 1289 3482 cerret

195 3496 369 3546 wiseraa—a
389 3494 458 3544 Ante
469 3509 495 3544 rc
506 3495 585 3544 hebet
595 3496 693 3559 Delph.
706 3497 804 3558 qui-l
821 3498 906 3547 Deest
917 3495 944 3545 in
964 3497 1058 3561 Delph.
1074 3511 1172 3562 qaoque,
1187 3503 1215 3546 et
1229 3510 1288 3545 mox

196 3575 239 3624 que
251 3567 309 3624 post
317 3563 442 3621 prooectoe.

688 3699 797 3752 NOTAE

159 3881 164 3892 .
196 3843 258 3894 Seni
274 3848 360 3892 autem
380 3843 524 3893 accurrenti
540 3844 653 3907 paranti,
669 3844 723 3909 lpri
763 3848 830 3898 lutus
840 3847 957 3896 haustum
967 3845 1056 3896 iniere.

199 3933 273 3983 qoem
283 3919 424 3984 querebat,
435 3921 528 3968 mulum
539 3919 645 3970 immisit
656 3934 723 3972 mor·
796 3923 903 3972 rhemi
923 3922 1025 3984 bellorum
1051 3920 1177 3983 inclytum]
1206 3919 1290 3976 Domi,

198 3995 272 4045 tem?
575 4021 578 4029 ¹
764 3998 924 4053 subauditur,
938 4001 1055 4058 temperer
1070 4001 1098 4042 et
1114 3994 1155 4043 hic
1167 3993 1289 4042 ‘domus’

232 4079 244 4104 ¹¹
260 4069 398 4134 Intercipit]
417 4069 529 4133 Gallice,
539 4070 662 4124 utram.
763 4079 904 4136 usurpatur
916 4084 963 4133 pro
975 4081 1048 4132 pace.
1081 4066 1133 4118 Alii
1149 4067 1290 4118 merlinch

227 4154 243 4186 -0
260 4147 450 4207 infelicissimum
467 4161 546 4196 curam
562 4147 656 4198 aulum
674 4159 728 4196 coa·
765 4152 837 4202 cum,
848 4143 935 4197 ‘domi
946 4139 1076 4204 bellique)

199 4224 335 4288 templator]
365 4224 517 4288 Lycophrou
529 4222 629 4286 scribit,
638 4221 726 4286 Ulyrri
