3136 4948
419 375 469 422 nn
492 374 672 424 ιιιιιοιιιι
697 375 808 424 untur
823 375 1008 452 ιιοιιιιι.
1211 365 1256 430 ιιι

161 523 271 608 praelii
299 521 392 606 adigi
419 525 571 588 homines
600 523 645 588 ed
675 525 916 607 aggrediendus
941 526 1069 604 hostes,
1083 534 1119 592 et
1143 535 1252 594 temen

161 625 320 690 Paridem
348 626 383 690 in
411 625 471 688 illo
499 626 676 689 certamine
705 625 796 689 haud
825 626 924 690 dubie
946 628 1121 692 vitaturum
1147 628 1253 694 fuisse

160 723 338 801 Achillem,
367 743 427 788 nec
448 743 605 812 ausurum
630 744 704 796 eum
740 725 889 824 aggredi,
910 727 1001 809 quod
1023 747 1084 811 per
1112 729 1252 796 iusidias

161 817 260 890 extra
273 825 507 890 necessitatem
515 823 709 889 ceu-tumtum
721 824 864 888 fclrctter
872 825 1002 891 teuent
1047 827 1170 928 Frigidi
1193 831 1254 894 ali·

160 924 242 1008 quid
256 931 290 989 et
304 925 434 1008 inepti
422 924 536 1013 forsan
551 924 659 990 inest
649 943 685 988 m
698 923 762 988 hoc
778 942 889 1000 sensu,
904 925 964 989 sed
974 926 1054 1010 idm
1069 931 1143 992 tota
1152 931 1253 994 etiam

158 1030 211 1090 est
230 1023 427 1090 laudatione
440 1001 590 1102 Paridis,
611 1043 712 1110 quam
734 1044 777 1088 eo
800 1025 938 1090 nemine
957 1003 1079 1092 iecisse
1101 1029 1254 1094 dicuntur

158 1123 297 1208 Trojaui
313 1133 347 1190 et
360 1126 465 1190 multo
479 1125 586 1208 magis
600 1125 705 1206 friget,
720 1144 784 1190 nec
799 1125 951 1190 Latinum
976 1129 1059 1194 satis
1083 1135 1146 1205 est,
1163 1130 1254 1211 quod

159 1226 297 1291 volebat
318 1225 564 1315 Vindingius,n‘
575 1231 733 1312 quantum
753 1246 801 1310 ne
818 1227 998 1292 incertam
1020 1228 1157 1292 auderet
1179 1231 1253 1311 qui·

100 1331 105 1338 “
159 1325 259 1390 dam!
303 1341 353 1388 ιν.
378 1327 429 1388 15.
451 1325 632 1390 ‘Ceterum
654 1325 721 1390 sibi
743 1345 786 1390 eo
814 1327 972 1392 leviorem
996 1327 1144 1392 dolorem
1165 1348 1251 1408 esse,

158 1422 250 1507 qmd
264 1442 331 1492 uon
346 1425 379 1492 iu
395 1425 587 1502 certamine,
609 1441 716 1506 neque
730 1425 766 1490 in
780 1425 858 1490 loce
873 1426 1135 1504 contectales
1150 1429 1253 1498 inter·

156 1527 267 1590 fectus
281 1533 383 1603 esset,
398 1544 465 1610 quo
486 1525 656 1618 fortiorem
673 1545 715 1592 ne
737 1535 876 1610 optasse
898 1527 1035 1614 quidem
1050 1549 1252 1614 quemquam

158 1621 305 1691 existere
329 1645 429 1704 nuuc,
446 1623 531 1692 vel
521 1645 554 1690 m
576 1613 793 1711 praeteritum,
816 1637 962 1712 excepto
992 1647 1060 1694 uno
1081 1629 1150 1695 illo
1166 1631 1253 1696 Her·

157 1723 255 1791 cule’
297 1724 479 1810 Vindiugio
499 1727 770 1792 substituendum
791 1728 955 1793 uidetur‘
964 1731 1164 1811 graviorem,
1166 1728 1253 1794 ’sed

156 1847 348 1911 perperam.
392 1827 483 1891 Nam
512 1828 681 1892 sententia
702 1827 781 1904 loci,
806 1828 925 1910 inepte
950 1827 1065 1892 forsan
1090 1829 1252 1910 gloriosa,

155 1929 234 1993 haec
254 1935 317 2006 est,
333 1928 491 1992 leviorem
513 1927 579 1992 sibi
601 1933 677 1992 esse
692 1925 839 1992 dolorem
862 1929 953 1993 necis
976 1933 1137 2011 putemae,
1160 1931 1252 2012 quod

155 2047 226 2099 uon
255 2035 373 2110 operto
402 2025 512 2109 Marte
541 2028 584 2090 ab
608 2027 805 2110 ,edversario
832 2027 992 2110 validiore
1016 2029 1063 2092 sit
1084 2031 1192 2094 victus
1216 2039 1252 2096 et

155 2128 313 2193 occisus:
337 2129 393 2192 Ita
407 2128 495 2190 enim
504 2129 669 2192 mansisse
683 2148 760 2192 eum
774 2129 936 2202 invictum
951 2129 994 2191 ab
1010 2130 1181 2193 omnibus:
1197 2129 1253 2194 Ita

153 2233 327 2302 constare,
338 2246 402 2290 non
418 2227 575 2290 extitisse
586 2241 777 2308 quenquam
790 2226 960 2290 fortiorem
975 2228 1062 2310 ipso,
1073 2229 1140 2292 nisi
1151 2247 1253 2294 unum
1330 2244 1331 2248 ’

153 2329 351 2403 Herculem,
366 2328 468 2391 immo
483 2327 645 2401 neminem
660 2345 777 2400 ausum
798 2327 904 2393 fuisse
930 2345 1007 2390 cum
1028 2347 1068 2392 eo
1091 2329 1126 2391 in
1147 2337 1250 2406 certa.

151 2448 231 2498 men
246 2427 413 2510 congredi.
454 2425 545 2504 Quae
561 2427 674 2492 onmia
689 2445 788 2492 secus
805 2427 1066 2507 sehabuisseut,
1080 2429 1111 2492 si
1133 2431 1167 2492 ιιι
1183 2449 1253 2508 cor,-

154 2528 283 2596 tamine
301 2531 342 2592 'et
355 2527 437 2616 'luce
458 2527 537 2590 belli
559 2528 752 2592 interiectus
778 2527 909 2606 suisset,
923 2546 1001 2592 nam
1022 2527 1073 2594 ita
1100 2525 1254 2616 validiori

152 2628 390 2696 succubuisset
404 2627 608 2694 adversario.
701 2651 703 2655 ·
1073 2701 1076 2704 ,
1144 2709 1149 2719 ⁵
1218 2709 1221 2720 Ι

198 2747 236 2795 v.
248 2729 303 2793 11.
325 2727 460 2806 ‘Quem
483 2725 591 2791 offerri
605 2726 727 2791 donum
750 2727 923 2807 Mineium,
937 2729 1250 2797 maximeomniunl
1284 2729 1287 2736 ’

156 2851 232 2898 ore
233 2823 454 2914 agitabatur?
497 2827 628 2909 Legit‘
637 2827 835 2906 maximum,
837 2826 902 2892 ’et
921 2828 976 2894 ita
991 2829 1167 2895 ediderunt
1181 2831 1250 2898 ulii.

153 2928 224 2998 Sed
238 2927 321 2996 nihil
335 2947 376 2992 eo
390 2947 487 3010 opus,
501 2926 602 2992 modo
615 2925 814 3028 distinguas,
829 2935 869 2992 nt
882 2927 962 3006 feci,
978 2929 1115 3014 quando
1131 2939 1251 3024 sensus

154 3039 211 3099 est
223 3047 433 3116 perspicuus
521 3056 523 3062 r
574 3079 597 3093 ..
645 3071 648 3076 -

154 3149 252 3196 vr.
267 3133 298 3196 1.
320 3130 542 3256 ‘Postquam
554 3128 735 3214 impositis,
747 3151 821 3246 quae
844 3132 963 3218 singuli
983 3133 1071 3197 bello
1086 3107 1251 3216 quaesive-

156 3241 240 3312 rant,
251 3231 453 3298 ascendere'
443 3227 544 3314 1psi.'
581 3229 674 3308 Quid
694 3231 803 3312 magis
822 3231 970 3314 planum,
984 3231 1094 3295 minus
1110 3233 1252 3316 impedi·

154 3343 227 3402 tum
241 3335 314 3398 dari
325 3333 485 3416 potestl‘
494 3319 586 3414 Ipsi’
601 3331 751 3394 homines
765 3337 978 3412 opponuntur
987 3333 1108 3396 rebus'
1098 3353 1132 3396 ιιι
1145 3352 1250 3398 naves

156 3429 367 3516 ‘impositis'
410 3431 454 3508 Et
475 3437 583 3495 tamen
598 3429 689 3542 qnod
702 3429 843 3507 mireriS,
858 3429 1064 3544 delendum‘
1043 3430 1161 3560 ipei²
1174 3449 1251 3516 pro·

154 3534 332 3638 nuntiat.
408 3604 411 3611 ,

224 4257 311 4320 Βιιρι.
322 4263 346 4307 ιι
361 4258 419 4308 Vur.
431 4259 495 4308 Cloe.
627 4258 699 4308 Diut.
713 4258 778 4306 Cret.
