3136 4948
317 365 361 432 ³2
497 403 499 408 ·
578 375 874 430 rac.raarzorrrr
901 377 1150 428 orssrarrrro

319 523 491 608 proprium
504 522 691 600 convertit:
715 523 778 589 boc
792 528 859 599 est,
875 539 1004 586 omnem
1025 521 1098 605 cJ'us
1118 539 1190 585 rem
1212 495 1417 590 lumiliarem

318 623 505 706 perscelos
518 623 585 687 sibi
600 623 767 688 vindieat:
790 641 868 685 narn
890 619 1005 686 omnia
1025 622 1103 686 istic
1125 622 1277 704 ‘indigne
1291 623 1415 706 rapta'

319 745 400 790 mox
415 725 578 790 dicuntur.
623 725 726 788 Plane
748 728 785 786 ut
800 721 915 786 Graeci
930 719 1003 784 einer
1016 728 1052 788 et
1073 719 1163 784 οἰκίον
1176 740 1217 786 eo
1236 741 1337 788 sensu
1353 725 1417 790 ad-

319 825 433 890 hibere
450 831 528 889 suot
552 826 655 889 soliti.
700 825 790 888 Ibid.
814 823 924 887 ‘Cum
949 823 1116 888 obstinate
1134 824 1168 888 lri
1190 825 1277 905 regis
1292 844 1417 888 uocem

319 925 552 1003 defenderent,'
565 927 630 990 boc
652 931 716 1003 est,
741 921 996 988 ulciscerentur:
1018 943 1098 988 nam
1121 943 1183 988 rex
1204 925 1278 1008 jam
1301 945 1417 990 cresus

318 1035 400 1090 eret.
444 1027 600 1092 Graecum
619 1027 684 1090 fuit
704 1022 874 1110 ἀμύνασθαι,
891 1024 983 1106 quod
1004 1043 1073 1086 oon
1097 1019 1317 1088 ‘defendero'
1339 1031 1417 1092 tan-

318 1137 391 1192 tum
407 1128 565 1210 aliquem,
576 1134 611 1190 et
623 1125 844 1207 ‘propulsare
858 1125 901 1188 ab
915 1143 957 1187 eo
969 1122 1115 1201 mulum:
1129 1124 1189 1188 sed
1205 1132 1241 1188 et
1256 1125 1420 1190 ‘ulcisci’
1560 1177 1561 1180 ,

318 1235 425 1292 notat.
440 1247 516 1310 cap.
524 1229 557 1291 6.
572 1232 582 1260 ‘
595 1225 770 1294 Conducto
785 1221 959 1303 Concilio‚'
974 1225 1107 1300 (ἔσωσε,
1121 1221 1295 1309 συναγαγῶν
1309 1226 1417 1302 intraq-
1488 1297 1493 1302 ξ
1560 1225 1561 1282 ζ

320 1325 398 1404 cler,
414 1325 600 1412 συναχθείσης
612 1323 779 1402 ἐκκλησίας.
824 1327 869 1390 Et
884 1327 935 1390 sic
951 1344 1028 1409 cup.
1039 1326 1072 1390 8·
1087 1327 1215 1390 ‘Senes
1230 1326 1418 1406 conducit,'

320 1427 438 1513 συνάγει
460 1428 523 1502 τοὺς
544 1425 759 1513 πρεσβυτέρους,
784 1429 838 1492 vel
856 1427 921 1500 ’τοὺς
941 1425 1089 1512 Γίροντας.
1114 1447 1143 1492 c.
1159 1428 1213 1492 14.
1235 1426 1416 1494 ‘Achilles

320 1529 418 1594 Pelei
436 1537 471 1593 et
491 1529 668 1604 lbetidcs,
693 1547 771 1611 quae
789 1547 835 1592 ex
856 1527 996 1594 Chirone
1011 1528 1185 1593 dicebatur
1196 1527 1215 1594 :'
1237 1529 1365 1594 omisso
1378 1530 1417 1596 irr

319 1631 488 1712 prioribus
516 1627 649 1706 ‘filius’
670 1628 759 1711 quod
780 1627 924 1706 Graecis,
948 1630 1009 1710 qui
1030 1629 1184 1706 articulo,
1207 1649 1275 1713 quo
1298 1620 1418 1695 carent

317 1731 444 1810 Latini,
458 1731 494 1794 id
515 1730 699 1810 designant,
713 1737 768 1794 est
789 1729 1101 1813 frequentissimum,
1116 1731 1203 1796 uode
1226 1730 1263 1798 id
1287 1731 1419 1794 Noster

318 1853 456 1915 quoque
471 1832 610 1908 babuit,
626 1833 683 1914 qui
705 1833 836 1914 passim
853 1833 902 1894 ita
923 1837 1045 1914 praeter
1065 1851 1191 1896 morem
1205 1831 1417 1900 Latinorum.

319 1934 380 1998 Sic
395 1951 419 1996 1.
436 1936 466 2000 1.
488 1932 681 2016 ‘Clymenes
703 1939 737 1996 et
760 1932 905 2014 Nauplii
931 1932 1153 1998 Palamedes!
1178 1949 1218 1996 11.
1234 1933 1288 1998 11.
1311 1929 1418 1999 ‘Sar-

319 2034 432 2117 pedon
458 2033 591 2098 Xautbi
616 2041 650 2096 et
679 2033 895 2110 Laodamiac,'
924 2049 973 2095 ιν.
990 2035 1042 2099 18.
1064 2033 1244 2098 ‘Helenus
1267 2034 1418 2111 Priami,’

320 2141 426 2216 atque
437 2135 530 2198 alibi·
553 2135 747 2200 Posteriora
757 2135 842 2200 certi
857 2141 934 2198 sont
948 2133 1136 2211 Grsccismi,
1148 2142 1183 2198 et
1198 2135 1305 2202 solitae
1317 2134 1417 2200 Grae·

320 2237 372 2299 cis
387 2236 558 2318 ellipseoa,
573 2237 633 2313 ἥτις
653 2237 685 2297 ἐκ
699 2232 833 2320 Χείρωνος
854 2233 979 2320 ἐλέγετο,
1006 2237 1138 2300 scilicet
1160 2232 1243 2313 οὗτοι,
1263 2237 1328 2302 boc
1349 2244 1417 2315 est,

318 2334 441 2420 ‘quae,’
461 2357 526 2409 ooo
545 2357 590 2402 ex
607 2337 728 2416 Nereo,
744 2347 781 2404 ut
794 2339 894 2418 vulgo
908 2338 1022 2415 fertur,
1038 2338 1098 2402 sed
1121 2341 1232 2402 verius
1255 2343 1320 2402 ‘ex
1334 2337 1418 2402 chi-

319 2455 400 2503 rone
425 2439 623 2516 dicebatur,'
650 2446 735 2503 orta.
779 2440 900 2503 Possis
928 2440 1031 2503 etiam
1052 2441 1102 2503 ita
1124 2441 1295 2520 accipere,
1315 2441 1417 2522 quasi

229 2555 233 2564 ‘
320 2537 443 2602 Graeoc
457 2539 590 2614 fuisset,
604 2542 652 2611 τῆς
667 2539 699 2598 in
711 2535 844 2621 Χείρωνος
860 2536 1043 2620 καλουμένης,
1056 2559 1117 2604 seu
1136 2536 1298 2623 brycuirnr,
1314 2545 1415 2622 ‘quoe

319 2638 512 2702 achirone
538 2637 856 2719 cognominabatur,'
884 2639 948 2702 boc
976 2647 1039 2716 est,
1061 2641 1235 2708 dicebatur
1258 2640 1416 2705 Chironis

319 2739 399 2802 filis.
444 2739 502 2802 Sic
524 2739 615 2822 apud
632 2740 775 2802 Dionem
791 2740 948 2804 Cassium
969 2741 1029 2804 lib.
1046 2757 1137 2806 uvir.
1163 2741 1210 2802 τὸν
1227 2738 1349 2826 Τιβέριον
1363 2740 1415 2804 ἅτ’

322 2842 407 2916 αὐτῆς
423 2837 627 2916 ἐπικαλεῖσθαι,
650 2838 844 2904 ‘Tiberium
858 2843 1090 2922 cognominari
1110 2861 1154 2904 ex
1170 2840 1233 2920 ea,'
1248 2861 1310 2906 seu
1325 2847 1335 2878 ‘
1344 2842 1417 2906 dici

294 2940 393 3024 'ejus
418 2940 527 3004 Liviae
556 2939 683 3012 filium!
726 2939 897 3006 Plutarch.
928 2942 970 3004 de
993 2941 1127 3006 Mulier.
1148 2940 1294 3018 Virtute,
1316 2941 1416 3006 ‘Lex

320 3049 394 3106 erat
416 3041 590 3118 Xanthiia,
611 3043 651 3122 μὴ
673 3039 816 3126 πατρόθεν,
836 3041 907 3102 ἀλλ’
928 3041 982 3102 ἀπὸ
1004 3042 1107 3126 μητρὸς
1125 3039 1323 3126 χρηματίζων,
1336 3061 1378 3104 ne
1392 3063 1416 3106 u

321 3149 426 3225 patre,
440 3143 499 3206 sed
519 3163 541 3206 a
556 3148 658 3206 matre
671 3141 1003 3224 cognominarentur,'
1018 3143 1082 3206 boc
1096 3150 1159 3220 est,
1173 3149 1211 3206 ut
1225 3135 1337 3206 eorum
1349 3163 1416 3207 oo-

321 3244 404 3306 mioi
426 3243 611 3321 adderetur,
624 3265 689 3309 ooo
705 3244 802 3326 cujus
824 3244 941 3326 patris,
959 3244 1021 3308 sed
1044 3243 1143 3326 cujus
1164 3244 1278 3308 matris
1299 3250 1416 3308 esseut

320 3345 394 3409 filii.
416 3346 571 3412 AElianus
583 3363 666 3408 vrrr.
678 3348 710 3408 5.
724 3343 774 3425 ἀφ’
788 3339 825 3406 ὧν
836 3349 867 3406 οῖ
882 3345 986 3406 δώδεκα
999 3345 1093 3418 πόλεις
1108 3341 1273 3420 ἐκλήθησαν,
1288 3347 1415 3426 ‘aqui-

321 3449 385 3511 bus
397 3464 468 3511 ιιι.
483 3447 553 3513 illae
576 3449 675 3512 urbes
688 3445 960 3530 appellabantur:
976 3446 1054 3510 dum
1069 3445 1200 3510 scilicet
1213 3445 1282 3508 iliae
1298 3446 1413 3522 urbes,

320 3567 384 3610 suo
403 3551 539 3630 proprio
554 3549 686 3612 nomine
706 3547 869 3631 praeditae,
892 3548 993 3629 vulgo
1008 3547 1107 3610 etiam
1130 3547 1325 3610 dicebantur
1337 3546 1415 3610 illo·

321 3667 394 3710 rum
406 3667 482 3710 esse
495 3649 675 3712 hominum.
708 3648 797 3712 Ibid.
818 3653 828 3681 ‘
840 3648 1020 3713 Medicinae
1035 3646 1136 3712 artis'
1150 3647 1185 3709 in
1199 3647 1264 3709 hoc
1276 3651 1413 3710 auctore

224 3793 232 3801 -
322 3747 366 3810 ad
382 3747 607 3812 Graecismum
625 3749 738 3831 potius
760 3749 881 3825 refero,
897 3767 996 3830 quam
1019 3768 1096 3813 cum
1112 3747 1273 3829 Scioppio
1289 3745 1332 3809 ed
1347 3745 1413 3810 Ar·

322 3849 518 3914 chaismum.
541 3848 673 3914 Graecis
684 3850 809 3935 Ἰοοροκη
822 3847 908 3934 τέχνη
922 3850 1054 3916 dicitur.
1079 3851 1159 3913 rub.
1174 3847 1228 3912 ‘N
1230 3866 1271 3910 on
1284 3847 1412 3910 alienos

322 3949 450 4030 generis
466 3946 540 4026 sui,'
551 3954 585 4012 et
599 3967 648 4013 vr.
663 3952 692 4016 7.
716 3950 914 4016 ‘Assarrdro
931 3969 997 4016 oon
1013 3951 1125 4016 alieno
1145 3945 1260 4012 Pelei?
1303 3947 1412 4010 Plane

321 4050 371 4112 uti
386 4049 478 4132 apud
500 4049 642 4116 Graecos
663 4069 739 4118 cum
760 4053 827 4116 hoc
848 4071 929 4116 casu
953 4052 1157 4116 construitur
1180 4048 1213 4110 τὸ
1239 4037 1412 4129 ’Amerina

322 4169 397 4233 cap.
415 4153 465 4216 15.
487 4151 608 4228 ‘Nihil
630 4151 928 4228 summetueotem,'
954 4151 1087 4230 Graece,
1110 4149 1182 4212 cdliv
1207 4144 1412 4226 ὑποδεδοικότα,
