3136 4948
319 343 340 403 4
771 351 962 404 armanni.

318 497 402 561 infra
417 504 449 562 te
472 495 619 578 positum
634 492 767 575 premia,
781 491 910 574 quippe
927 483 1020 555 omni
1030 489 1279 573 disciplinarum
1295 511 1411 573 genere

319 597 508 671 instructus,
519 595 562 659 ad
578 595 680 658 altam
696 592 935 674 sapientissimi
948 590 1087 657 Lodoiei
1096 591 1184 672 regis
1199 583 1411 672 prudentiam

316 696 390 780 jam
405 698 547 779 aspiras.
592 694 729 758 Fuerint
752 694 802 756 illi
827 693 961 774 quidem
983 692 1139 755 haetenus
1154 698 1235 774 post
1263 711 1299 754 se
1322 695 1411 756 netis

320 797 508 860 bominibus
524 793 719 863 imitandum
734 791 929 874 exemplar:
951 810 1063 854 eorum
1076 792 1148 874 jam
1160 792 1264 856 vinem
1274 799 1411 873 praesta-

321 896 374 959 bit
395 889 639 960 invictissiuius
659 893 718 958 ille
739 910 861 975 pareus
876 898 967 968 tuus,
990 911 1100 974 quem,
1116 899 1154 956 ut
1174 912 1271 968 nune,
1286 899 1319 956 et
1333 893 1413 956 olim

323 996 491 1060 hominum
518 1013 620 1076 genus
643 993 741 1076 quasi
766 991 891 1054 Divum
912 989 1131 1068 venerabitur,
1152 993 1282 1074 sibique
1305 993 1413 1056 solum

323 1097 515 1161 imitandum
532 1099 705 1178 proponet.
761 1089 939 1173 Adeoque,
954 1092 1045 1175 quod
1057 1092 1097 1188 de
1117 1093 1258 1173 imagine
1272 1093 1413 1175 quadam

322 1195 464 1260 Veneris
478 1196 557 1258 olim
573 1195 699 1258 dietum
716 1199 779 1268 est,
794 1211 837 1256 ex
853 1211 894 1254 ea
908 1191 1012 1254 fuisse
1024 1192 1065 1254 de
1077 1181 1259 1274 puellarum
1273 1193 1414 1275 pulchri-

322 1297 433 1360 tudine
442 1295 642 1378 judicatum,
657 1301 695 1359 ut
710 1313 787 1374 quae
803 1292 940 1374 imagini
955 1293 1096 1372 similior
1117 1299 1218 1368 esset,
1232 1312 1273 1356 ea
1293 1292 1414 1356 formo-

325 1397 460 1460 sissima
482 1395 659 1470 diceretur,
674 1394 716 1458 de
739 1395 828 1462 muro
850 1399 908 1459 tuo
924 1401 1061 1474 parente
1076 1395 1159 1458 illud
1173 1393 1288 1475 utique
1302 1411 1414 1456 verum

325 1497 398 1572 erit,
414 1495 456 1560 ad
472 1495 576 1577 eujus,
593 1495 742 1577 ingentia
765 1495 855 1559 iaetu
882 1515 948 1577 quo
970 1497 1108 1578 propius
1122 1495 1214 1560 beati
1227 1494 1345 1558 hero'ds
1361 1513 1415 1558 ae·

325 1596 499 1672 cesserint,
517 1615 556 1657 eo
583 1597 728 1676 amplius
751 1615 788 1658 se
814 1597 849 1658 in
866 1595 1012 1658 heroicis
1037 1596 1215 1661 virtutibus
1233 1594 1415 1676 profecisse

326 1695 578 1760 arbitrabuntur.
623 1694 743 1776 Perge,
769 1695 879 1778 igitur,
915 1695 1119 1758 Danuuius
1145 1695 1416 1768 Sunanrssrnu,

325 1813 435 1876 perge,
458 1800 496 1860 ut
517 1793 614 1870 facis,
638 1793 789 1875 vestigiis
808 1794 881 1876 ejus
896 1797 1063 1873 insistere,
1087 1795 1192 1859 donee
1213 1794 1330 1858 divina
1359 1793 1414 1856 illa

327 1895 500 1977 sapientia,
512 1913 590 1976 quae
605 1894 701 1960 illum
716 1895 1020 1984 irradiat,afflatus
1036 1895 1084 1958 ita
1096 1914 1174 1960 oum
1189 1914 1229 1958 eo
1245 1895 1419 1974 refulgeas.

329 1995 450 2078 Neque
467 1995 553 2058 enim
568 1995 660 2057 aliud
677 1995 738 2058 tibi
754 2015 775 2059 a
790 1996 864 2060 Deo
877 1991 1015 2078 Optimo
1027 1996 1180 2058 Maximo
1192 2002 1244 2057 est
1259 2002 1420 2075 expeten-

329 2097 420 2173 dum,
436 2097 493 2178 qui
509 2096 570 2158 tibi
594 2097 723 2177 reliqua
751 2097 1031 2174 omniabeuigna
1054 2083 1153 2159 manu
1176 2095 1319 2176 largitus
1346 2100 1419 2159 est:

326 2197 532 2260 nobilitatem
549 2216 628 2277 qua,
645 2199 675 2259 si
691 2197 734 2258 ab
749 2197 866 2260 ultima
881 2201 1049 2279 repetatur
1064 2197 1201 2278 origine,
1216 2215 1259 2258 ne
1275 2195 1308 2258 in
1324 2195 1435 2264 fabu-.

326 2297 372 2360 lis
405 2295 547 2378 quidem-
565 2297 714 2362 inveniri·
732 2298 844 2379 possit
872 2297 1052 2380 antiquior:
1091 2297 1241 2366 formam·
1259 2298 1420 2378 ,eorporis

328 2389 510 2476 egregiam,
520 2401 554 2458 et
567 2417 667 2475 regno
684 2399 738 2459 eui
749 2404 851 2459 natus
866 2415 903 2460 es
920 2397 1051 2476 dignam
1067 2419 1075 2461 :
1100 2398 1276 2478 ingenium,
1291 2397 1335 2459 ad
1350 2415 1420 2482 om·

327 2496 420 2556 nium
435 2495 494 2574 qui
521 2501 553 2557 te
580 2495 703 2558 adeunt
725 2495 999 2560 admirationem:
1022 2497 1221 2578 praeclaram
1247 2501 1281 2558 et
1303 2495 1420 2559 laetam

328 2593 497 2669 indolem;
519 2594 676 2672 pietatem
699 2589 842 2674 denique
863 2593 1023 2673 singulari
1050 2593 1236 2656 eruditione
1261 2593 1422 2676 conjuu07

329 2699 416 2756 tam:
434 2712 603 2774 quaecum
622 2683 704 2759 olim
726 2687 855 2756 coelesti
877 2693 936 2756 illa
960 2693 1125 2775 sapientia
1140 2695 1422 2775 quasircumulata

329 2792 459 2868 fuerint,
476 2801 545 2856 tum
568 2799 654 2856 eerte
678 2793 927 2876 sapientissimo
952 2800 1010 2857 tuo
1035 2795 1162 2876 parenti
1179 2793 1252 2877 Jam
1274 2795 1421 2876 propior,

331 2899 401 2956 tam
419 2913 519 2974 super
533 2893 620 2957 alios
633 2911 729 2974 reges
743 2893 903 2969 eveheris
920 2913 1019 2975 quam
1033 2911 1121 2956 nune
1138 2893 1304 2976 reliquum
1326 2913 1423 2957 omna

331 2995 470 3057 mortale
485 3014 589 3074 genus
606 2995 840 3080 superemines.
884 2995 950 3058 Sed
963 2995 1172 3058 invenustum
1182 3002 1234 3059 est
1248 3001 1280 3059 le
1295 2995 1423 3058 diutius

227 3122 230 3126 v
332 3096 466 3170 morari,
482 3095 685 3158 Duurnruu
701 3095 1037 3170 Suuanrss1nu,eui

418 3194 441 3258 J
444 3214 497 3258 arn
514 3196 605 3258 venit
620 3215 663 3258 en
678 3197 781 3277 uirgo,
791 3195 865 3280 jam
879 3196 1004 3259 dicetur
1019 3196 1237 3279 Hymenaeus,

337 3323 346 3352 :A
420 3294 566 3377 Hymen,
581 3313 605 3357 o,
620 3295 816 3378 Hymenaee,
834 3295 976 3378 Hymen·
988 3295 1080 3373 ades,
1097 3316 1118 3360 o
1135 3297 1337 3380 Hymenaee.

421 3395 538 3458 Laetus
553 3397 654 3459 ades!

334 3497 422 3562 Vale
436 3499 545 3580 igitur,
559 3497 762 3572 Danuuius
773 3498 1042 3573 Sunanrssrun,
1058 3505 1162 3580 tuque
1177 3498 1267 3560 alma
1283 3496 1423 3560 viatoria

244 3675 248 3680 Δ
337 3598 582 3663 Sunnruflsrnr
613 3597 803 3660 lluruurur
842 3597 1066 3662 sanctissima
1095 3595 1231 3678 conjux.
1288 3593 1424 3670 Valere,

336 3717 413 3767 mea
437 3697 615 3780 proesentin
627 3698 773 3774 numina,
788 3717 903 3780 meque
922 3715 1098 3778 meumque
1112 3695 1197 3759 buno
1212 3695 1359 3759 laborem
1374 3697 1424 3762 la·

337 3805 451 3862 ventes
466 3796 619 3880 aspieite,
634 3797 750 3878 sieque
766 3799 861 3872 vobis
1349 3882 1351 3886 ι

343 3922 345 3928 ’
467 3897 537 3961 Det
547 3897 706 3978 juvenum
724 3898 846 3962 cultrix
861 3897 986 3980 prolem
1001 3895 1130 3960 Latona
1140 3897 1284 3974 beatam,
1421 3912 1425 3920 ’

350 4015 352 4019 ’
450 4013 455 4028 “
509 3995 650 4078 Vosque
664 4018 747 4080 puer
759 3998 849 4063 laetis
862 3999 994 4080 ignibus
1008 4002 1081 4060 urat
1097 3995 1210 4059 Amor.

437 4136 543 4186 Parisiis
557 4142 578 4185 1.
592 4137 649 4186 Kal.
662 4137 742 4188 Mart.
753 4143 825 4188 1680.
