3152 4950
306 378 371 445 186
659 391 818 440 nrorros
842 391 1047 441 cannensis

308 535 503 600 insidiarum
517 541 617 612 metu,
638 534 671 598 hi
685 542 745 598 ant
758 532 832 598 illid
854 536 969 599 multis
984 535 1267 598 immolationibus
1281 533 1408 618 Thym·

308 639 398 701 breno
409 635 559 719 Apollini
574 637 819 719 supplicabant.
864 622 1034 726 Hisdemi
1054 635 1121 698 fere
1137 635 1256 699 diebus
1270 637 1408 700 nuntius

309 744 514 820 apportatur,
544 739 719 800 universas
748 755 856 818 prope
879 733 975 800 Asiae
1000 735 1152 800 civitates
1175 734 1363 799 descivisse
1386 755 1409 800 a

310 825 458 914 Priamo,
474 843 574 920 atque
591 837 670 926 *ejus
699 837 883 904 amicitiam
898 837 1064 908 execrari:
1087 855 1231 918 namque
1244 835 1406 907 facinoris

310 929 527 1021 exemplum
537 947 548 974 ⁸
571 939 737 1020 'suspectis'
756 937 828 1020 jam
850 956 910 1018 per
923 931 1096 1000 universos
1111 935 1257 1018 populos
1276 937 1408 1016 gentes·

272 1079 278 1098 .
311 1059 374 1121 qne
389 1040 480 1103 circa
493 1039 676 1122 hospitium
691 1039 855 1116 omnibus,
870 1037 992 1102 simul⁶
1006 1037 1158 1100 omnibns
1173 1035 1300 1118 praeliis
1311 1035 1409 1100 Grae·

311 1159 372 1204 cos
387 1141 532 1205 victores
547 1134 738 1219 cognitum,f
756 1144 790 1202 et
803 1136 936 1206 eversio
950 1135 1140 1204 multarum
1153 1135 1190 1198 in
1211 1153 1253 1198 ea
1273 1137 1410 1217 regiona

311 1241 483 1305 civitatum
503 1241 540 1302 in
561 1237 682 1302 animis
696 1237 859 1316 haeserat3
883 1236 925 1300 ad
940 1242 1156 1319 postremum,
1178 1253 1277 1315 grave
1293 1234 1411 1300 odium

311 1339 452 1404 filiorum
474 1340 628 1421 regnique
654 1339 728 1422 ejus
750 1331 955 1418 incesserat!
975 1397 978 1402 ,
999 1337 1058 1418 [2.]
1080 1335 1128 1399 At
1152 1329 1245 1417 apud
1268 1333 1410 1418 Trojam

312 1441 398 1504 forte
413 1441 559 1524 quadam
582 1439 637 1502 die
661 1439 807 1503 Hecuba
830 1425 1039 1521 supplicante
1066 1435 1231 1518 Apollini,
1256 1433 1409 1500 Achilles

314 1543 456 1607 avidus⁷
478 1543 608 1606 visereg
631 1541 896 1604 caerimoniarum
924 1558 1059 1614 morem,
1076 1557 1154 1601 cum
1170 1536 1288 1620 paucis
1304 1538 1409 1600 comi-

207 1725 216 1734 ·
313 1643 403 1706 tibus
417 1642 618 1725 supervenit.
661 1639 769 1704 *Erant
791 1645 957 1720 praeterea
978 1645 1056 1700 eum
1083 1637 1230 1701 Hecuba
1243 1644 1409 1702 matronae

313 1743 477 1825 plurimae,
500 1744 659 1827 conjuges
681 1739 918 1824 principalium
941 1737 1148 1820 filiorumque
1174 1737 1259 1820 ejus,
1285 1736 1410 1818 partim

313 1845 469 1927 honorem
484 1849 585 1926 atque
601 1841 802 1924 obsequium
822 1841 944 1922 reginae
964 1838 1164 1916 tribuentes,
1187 1837 1327 1918 reliquae
1349 1837 1410 1899 tali

313 1932 495 2006 nobtentu8¹²
520 1962 580 2026 pro
600 1962 637 2006 se
660 1959 806 2025 quaeque
820 1943 988 2020 rogaturae
1004 1925 1278 2021 supplicabantt⁹
1306 1937 1410 1999 etiam

313 2037 471 2128 Hecubae
496 2041 576 2107 filiae
600 2043 748 2107 nondum
770 2045 896 2123 nuptae,
926 2038 1112 2122 Polyxena,
1132 2043 1174 2106 ,et
1202 2033 1410 2118 Cassandra,

313 2129 479 2234 ¹Minervas
510 2150 612 2226 atque
639 2139 809 2226 Apollinis
824 2125 1109 2224 vantistesffnovo
1133 2158 1174 2202 ac
1195 2139 1339 2204 barbaro
1359 2158 1410 2200 re·

347 2333 360 2356 ⁰
377 2323 473 2374 Etenim
487 2340 538 2375 cnm
548 2323 642 2389 psopter
652 2323 782 2388 exmplnn't
797 2323 896 2374 namne
913 2325 1007 2375 sceleris
1016 2321 1070 2386 ,inin
1088 2317 1131 2386 per
1141 2327 1236 2370 sanctos
1251 2319 1348 2384 populos
1367 2333 1410 2367 nn-

315 2387 436 2450 tionesqtte
446 2391 634 2454 suspectiorem
648 2399 717 2454 snper
733 2389 842 2452 bospitio,
857 2393 938 2437 notam
956 2394 1007 2440 erat
1021 2389 1119 2436 Grecos
1128 2385 1233 2434 omnibns
1242 2384 1411 2433 mancipibus

314 2451 482 2520 cisterciense,
501 2453 556 2502 tnm'
569 2452 658 2503 dinatio
673 2455 799 2502 multarum
814 2453 907 2500 urbiam
922 2450 948 2501 in
965 2467 993 2501 ea
1008 2451 1105 2512 regione
1122 2449 1211 2498 animos
1228 2452 1411 2512 marasmon

312 2517 409 2566 tannem
419 2521 547 2568 neceam
557 2522 645 2568 soenam
654 2518 733 2568 odiam
742 2517 768 2566 in
777 2517 916 2566 antennis
925 2516 1105 2566 inunctionem
1115 2515 1172 2574 eins.
1324 2521 1326 2526 '

775 2675 954 2697 nomentano

316 2787 397 2838 beate
414 2789 536 2853 vtndtng.
554 2790 628 2854 ‘Ego
645 2791 773 2840 exercitam
789 2791 901 2840 retinere
917 2789 997 2838 melo:
1016 2801 1105 2836 sensus
1121 2785 1218 2851 quippe
1233 2791 1282 2848 est,
1298 2799 1349 2834 non
1367 2797 1410 2833 cu·

317 2865 389 2914 rasse
405 2867 451 2901 eos
472 2855 504 2902 ad
524 2857 666 2904 exercitum
684 2862 712 2904 et
731 2856 848 2904 militiam
869 2853 1037 2917 pertinentes.
1052 2907 1055 2916 y
1071 2851 1113 2900 Sic
1129 2865 1207 2913 supra
1226 2849 1325 2910 Noster
1340 2849 1411 2896 locu·

316 2920 360 2963 tns
380 2923 421 2966 est
439 2929 470 2966 tr.
494 2922 519 2966 9.
546 2917 713 2976 ‘insinuans
737 2933 793 2982 qnae
814 2919 884 2967 circs
904 2917 981 2965 filiam
1003 2917 1058 2980 ejus
1076 2910 1242 2974 evenissent,¹
1268 2919 1296 2962 et
1314 2919 1347 2960 tr.
1370 2915 1410 2960 ln.

319 2978 396 3038 Circe
408 2980 547 3040 Protesilai
559 2981 718 3044 sepulturam
733 2981 828 3031 nostris
843 2981 994 3043 occupatis:
1011 2987 1040 3029 et
1056 2979 1203 3042 praecipnns
1215 2977 1277 3026 mibi
1287 2977 1411 3030 locusest

317 3051 350 3090 rr.
361 3045 402 3093 ss.
433 3043 496 3092 'Ob
507 3044 658 3093 industriam
671 3053 698 3094 et
711 3060 833 3106 amorem,
850 3059 926 3108 qnem
938 3046 1005 3092 circa
1024 3057 1124 3091 omnem
1142 3041 1285 3090 exercitum
1305 3037 1411 3087 exhibe·

317 3103 384 3155 bnt.²
403 3105 569 3170 wittingen
580 3107 678 3170 Delph.
689 3109 830 3160 iisdem-n
842 3109 885 3158 Sic
896 3107 960 3170 Arg.
971 3110 1000 3156 et
1011 3107 1088 3157 Med.
1098 3105 1181 3156 Codd.
1193 3111 1221 3154 at
1231 3105 1328 3157 Vener,
1340 3110 1368 3150 et
1379 3102 1411 3154 nl.

318 3169 374 3228 ens.
384 3169 501 3233 exempto,
511 3186 591 3236 quum,
598 3172 736 3222 lectionem
748 3173 853 3222 exbibet
864 3173 1012 3234 Delpb.-6
1027 3171 1111 3220 Deest
1123 3183 1171 3234 rox
1184 3169 1253 3216 simut
1269 3168 1303 3234 in¹
1312 3167 1408 3228 Delpb.

318 3231 383 3296 Arg.
394 3234 457 3283 eon.
469 3249 490 3284 c.
498 3249 524 3298 p.
535 3235 569 3284 G.
580 3249 603 3284 n.
620 3237 770 3296 cognito.-r
789 3237 876 3298 Vulgo
891 3237 971 3284 votens
984 3235 1070 3284 nnete.
1110 3233 1138 3282 ln
1158 3233 1221 3281 Mes.
1241 3231 1367 3279 ndnenbns
1386 3243 1410 3276 n.

317 3295 404 3346 Mero.
413 3313 484 3346 anem
494 3315 518 3347 n.
545 3300 641 3363 Delpb.
651 3315 722 3350 nuens
733 3305 805 3350 n.-'8
822 3298 944 3362 Vindiug.
957 3298 1095 3360 legendnm
1116 3301 1199 3360 putat
1209 3295 1257 3343 ulio
1274 3293 1411 3342 obtentu.-

353 3358 425 3410 Med.
437 3361 501 3411 Cod.
512 3361 776 3426 supplicamentis—l
795 3361 892 3427 Delpb.
904 3361 1032 3424 antistites,
1049 3368 1076 3410 et
1094 3363 1162 3422 mox,
1174 3358 1292 3408 redimite
1303 3391 1311 3404 .
1321 3393 1328 3406 .
1340 3391 1346 3404 .
1358 3370 1412 3418 pre-

318 3424 439 3474 cabantur.
452 3441 515 3488 qnos
526 3428 600 3476 lectt.
611 3429 704 3489 probat
715 3427 838 3490 Vinding.
855 3430 863 3456 ‘
875 3427 957 3482 ambae
968 3427 1098 3474 antistites
1110 3431 1193 3479 erant,
1203 3422 1349 3470 Cassandra
1357 3420 1412 3482 qui·

319 3487 378 3536 dem
388 3489 525 3552 Minervae,
537 3491 671 3552 Polyxena
683 3491 830 3555 Apollinis!
864 3491 953 3540 Barth.
965 3497 1080 3538 nostrum
1091 3486 1208 3537 defendit
1218 3486 1365 3546 lectionem,
1384 3490 1411 3532 et

812 3631 921 3698 nomn
1026 3670 1029 3678 ι

263 3787 270 3792 -
316 3747 529 3820 uliliinntitb]
546 3760 818 3826 Gsaeeisnt'l'sojani.
847 3755 854 3799 ἶ
885 3759 921 3809 Et
931 3759 967 3808 ita
979 3773 1040 3808 sane
1051 3756 1213 3807 scribendum
1224 3754 1320 3805 inerat.

352 3843 363 3869 θ
381 3834 504 3884 Facineris
521 3837 650 3897 exemplam
668 3835 795 3900 [exempto]
812 3837 845 3886 Id
868 3838 870 3842 '
916 3831 1236 3897 &Achillesnnidnqnnsnd
1247 3831 1334 3894 msere]
1348 3829 1412 3880 Om-

308 3909 778 3981 ⁸est,Propterexemplnmfacinoris.
801 3903 845 3963 Sic
883 3907 945 3964 nino
962 3913 1124 3964 scribendum
1144 3913 1240 3959 ‘avens
1259 3909 1342 3957 visere
1353 3907 1370 3968 ;’
1386 3907 1411 3956 id

215 4041 216 4044 ¹
321 3984 510 4048 ¹2P⁸N⁰⁸leb
547 4001 548 4008 ’
614 3989 616 3994 ’
885 3990 1191 4054 est‚'cupiens.n1ecer.g

319 4087 332 4116 ρ,
351 4059 469 4108 ¹Groeeos
479 4058 719 4122 nietoseseognitnm]
736 4061 844 4112 uraecos
901 4101 902 4104 ¹
916 4065 928 4100 i
945 4067 998 4116 Tati
1006 4064 1121 4126 nitente]
1135 4064 1197 4118 Sese
1207 4077 1232 4110 es
1243 4060 1414 4126 protestatib-

319 4133 434 4182 ¹victores
451 4147 509 4182 esse
530 4134 750 4201 cognitnmerat.
792 4137 845 4187 Sed
883 4137 1238 4207 sequiietnqnoftmmcet,
1297 4166 1301 4172 .

322 4208 414 4257 vellem
424 4207 567 4272 scripsisset
578 4210 685 4276 Dictys,
701 4212 844 4276 ‘cognitos’
902 4249 903 4254 ¹
1019 4221 1023 4228 ·
1135 4223 1138 4228 ·
1176 4223 1196 4228 ”
1238 4225 1243 4235 “
1291 4237 1294 4244 ,
