3136 4948
313 399 358 464 36
573 414 654 472 rac.
679 413 875 462 narramur
901 411 1151 462 nrssearerro

315 561 381 636 sit:
421 559 536 622 Karidai
560 558 678 622 Φοίνικα
700 559 747 622 τὸν
764 556 910 644 Ἀγήνορος
932 558 1000 634 οἷον,
1023 553 1131 630 odraus:
1146 553 1256 641 ἐγένετο
1278 560 1434 642 ἀπόγονος.

315 658 408 736 Δύνας
422 661 559 738 βασιλεὺς
574 664 587 722 ὁ
608 661 737 738 Ἑκάβης
751 661 857 742 πατὴρ,
881 660 914 720 ἐκ
933 662 983 720 τοῦ
999 655 1094 743 γένους
1115 658 1143 721 δὲ
1166 661 1216 718 τοῦ
1226 655 1311 720 -Δῦνα
1326 660 1375 720 καὶ
1387 669 1416 736 ,ἡ

314 763 393 844 Λήδα
409 761 505 848 ἔλεγεν
520 763 598 828 εἶναι.
644 763 800 826 Maxima
815 762 851 824 in
866 761 931 837 his,
945 767 978 823 et
991 759 1093 822 ferme
1108 758 1263 836 dixerim,
1278 760 1415 838 inscita,

315 865 526 948 antiquorum
542 864 714 928 hominum
725 869 759 926 et
772 861 956 926 fabularum
967 860 1133 936 conlusio,
1145 859 1205 922 sed
1219 880 1297 942 quae
1309 881 1419 944 quan-

314 967 482 1050 tomajor,
496 972 529 1030 et
539 973 667 1049 quanto
681 965 789 1045 magis
803 969 857 1025 est
872 960 1063 1042 singularis
1072 965 1166 1024 tanto
1182 963 1303 1026 certius
1314 963 1416 1026 uobis

312 1069 444 1152 praebet
466 1073 704 1150 argumentum,
727 1083 804 1128 vere
827 1062 990 1126 Malelam
1013 1073 1045 1125 et
1066 1062 1264 1146 Septimium
1290 1067 1420 1146 pariter.
1448 1093 1449 1096 ¹

313 1190 358 1234 ex
380 1169 501 1234 eodem
523 1169 629 1238 fonte,
649 1167 713 1230 hoc
736 1171 800 1242 est,
822 1183 865 1228 ex
889 1163 1012 1228 Graeco
1029 1163 1167 1247 Dictye,
1183 1165 1274 1246 quod
1297 1173 1330 1230 et
1346 1169 1417 1250 ipsi

313 1273 472 1350 fatentur,
503 1289 566 1333 sua
593 1269 756 1332 hausisse.
788 1267 942 1336 Etenim
972 1263 1143 1348 Agenores
1168 1266 1262 1330 suere
1290 1269 1417 1351 plures,

313 1391 433 1456 nempe
449 1370 610 1434 Sidonius
625 1371 694 1448 ille,
709 1375 807 1452 pater
822 1367 997 1432 Phoenicis
1011 1373 1044 1432 et
1059 1367 1191 1446 Cadmi,
1206 1371 1292 1432 alius
1315 1378 1418 1452 pater

313 1474 433 1540 Phinei
457 1474 608 1549 Thracis
622 1471 713 1535 illius
736 1471 780 1534 ab
804 1469 973 1551 Harpyiis
995 1471 1123 1546 vexati,
1141 1469 1183 1534 de
1208 1491 1275 1554 qno
1298 1470 1417 1552 Valer.

314 1575 472 1652 Flaccus,
502 1573 626 1656 Argon.
642 1589 705 1634 ιν.
732 1573 807 1660 444.
850 1570 956 1635 ‘Non
979 1591 1041 1653 ego
1064 1590 1156 1634 uuuc
1178 1591 1298 1654 magno
1321 1575 1417 1656 quod

314 1684 426 1742 cretus
441 1677 598 1758 Agenore
615 1674 784 1752 Phineus:
804 1674 934 1738 scilicet
949 1693 1216 1738 commemorem.
1249 1675 1417 1758 Denique

313 1799 399 1844 avus
426 1779 541 1856 Ledae,
564 1777 698 1862 Thestii
712 1775 822 1840 AEtoli
845 1781 974 1858 pater..
996 1775 1074 1840 Hos
1099 1794 1229 1852 omnes
1250 1782 1349 1842 aetate
1379 1785 1417 1843 et

313 1884 424 1963 patria
444 1882 531 1944 licet
556 1879 720 1957 diversos,
736 1879 771 1941 in
795 1898 895 1942 unum
923 1877 1097 1940 Sidonium
1119 1878 1258 1942 contulit
1281 1877 1415 1962 DictyS,

312 1981 392 2046 dum
419 1983 463 2046 ad
484 1983 577 2046 illum
601 1981 698 2045 refert
721 1981 878 2062 originem
902 1979 1005 2044 Ledae
1029 1985 1062 2042 et
1077 1978 1251 2044 Hecubae:
1275 1987 1309 2043 et
1323 2001 1418 2062 prae.

312 2087 405 2154 terea
418 2156 419 2160 ς
433 2103 532 2166 quem
560 2081 723 2164 Agenoris
745 2081 852 2144 filium
877 2081 933 2143 hic
958 2077 1187 2144 fPhoeuicem’
1215 2080 1319 2156 dicit,
1334 2100 1414 2148 eum

312 2185 389 2258 dein
407 2203 462 2249 111.
477 2189 509 2250 5.
532 2193 567 2250 et
590 2202 640 2248 ιν.
663 2184 716 2248 22.
739 2181 947 2246 ‘Phineum'
964 2181 1122 2265 appellat,
1143 2179 1293 2264 facitque
1315 2170 1416 2248 socc·¹

311 2307 381 2351 rum
398 2287 564 2363 Dardani,
589 2286 677 2349 unde
701 2303 798 2366 reges
816 2284 966 2368 Trojani,
992 2285 1123 2364 etipse
1146 2284 1287 2367 Dymae,
1314 2292 1413 2368 pater

312 2387 479 2456 Hecubae.
518 2388 685 2455 ,Ceterum
700 2407 744 2452 ex
760 2385 890 2450 Malela
905 2380 1010 2469 pa'tet,
1025 2385 1105 2448 nihil
1126 2384 1182 2450 hic
1198 2386 1231 2447 iu
1246 2387 1415 2470 Septimio

309 2491 368 2563 vel
395 2492 517 2575 Dictye
543 2490 748 2554 mutandum.
765 2488 861 2552 ..Sed
885 2494 931 2551 et*
945 2489 1127 2570 posteriora
1159 2486 1308 2566 Halalae,
1332 2511 1412 2572 quae

312 2594 433 2656 tentari
447 2592 546 2656 video
573 2611 594 2654 a
615 2589 813 2654 doctissimo
837 2589 911 2670 ejus
930 2587 1066 2666 editore,
1081 2591 1139 2672 qui
1165 2589 1269 2652 voluit
1291 2591 1339 2651 nai
1362 2595 1414 2668 τὴν

312 2690 417 2769 Λήδαν,
431 2693 514 2756 satis
535 2691 613 2754 mihi
629 2688 766 2772 quidem
779 2689 931 2754 videntur
955 2689 1095 2770 integra.
1140 2690 1241 2773 Saepe
1255 2694 1340 2756 enim
1354 2693 1412 2758 hic

312 2802 431 2858 auctor
442 2795 479 2874 in
492 2792 617 2870 eadem
640 2793 789 2856 oratione
811 2791 948 2857 modum
970 2791 1126 2874 loquendi
1148 2794 1289 2858 mutavit
1303 2815 1346 2858 err
1362 2796 1413 2858 di-

264 2920 275 2927 *
310 2903 404 2978 recto
432 2897 468 2958 in
490 2894 694 2969 indirectum,
716 2913 760 2956 ex
782 2893 873 2957 finito
896 2894 928 2955 in
951 2893 1124 2958 infinitum.
1170 2894 1413 2980 Respiciantur

311 2999 413 3073 modo
428 2998 488 3060 illa
511 2997 599 3079 ipsa,
616 3016 693 3079 quae
715 2996 869 3078 proxime
884 2996 1056 3080 superiore
1078 2997 1291 3080 paragrapho
1313 2999 1412 3063 exhi-

310 3099 458 3170 buimus.
502 3098 626 3162 Sensus
637 3117 716 3163 vero
730 3105 792 3174 est,
807 3097 934 3160 dixisse
946 3097 1111 3160 Helenam
1127 3097 1202 3162 haec
1212 3099 1306 3182 ipsa:
1331 3107 1341 3134 ‘
1354 3101 1411 3164 Ex

312 3220 432 3284 genere
445 3206 555 3265 autem
578 3199 720 3285 Dymae?
746 3198 839 3283 (uam
861 3201 984 3263 rectius
1006 3201 1054 3263 ita
1075 3185 1259 3283 Septimius
1280 3207 1409 3282 noster,

312 3322 415 3386 quarn
432 3303 578 3384 Malelas
593 3309 628 3366 et
643 3301 818 3366 Gedrenus
842 3300 1010 3384 (Dynas')
1027 3301 1153 3365 ‘etiam
1168 3302 1263 3367 Leda
1277 3323 1317 3390 se
1326 3323 1408 3368 esse

311 3404 466 3486 dicebat!
509 3404 617 3483 Plane
631 3412 671 3480 ut
685 3405 800 3468 eadem
814 3403 999 3468 mutatione
1013 3403 1362 3486 loquenuicedrenus
1376 3405 1408 3466 ta

310 3505 405 3591 γένους
416 3507 443 3569 δὲ
455 3507 599 3580 rotatu,
615 3507 663 3570 nai
680 3506 758 3584 Λήδα
769 3507 830 3571 ἐστὶ
844 3504 966 3592 μήτηρή
975 3507 1037 3587 ἐμὴ,
1050 3507 1175 3572 linotet
1188 3508 1265 3573 istic
1281 3511 1409 3592 superi·

314 3628 374 3672 ora
383 3629 442 3690 per
451 3608 614 3686 infinitum
623 3610 690 3697 sint
699 3609 866 3691 exposita.
890 3607 1117 3691 subjiciuntur
1128 3608 1307 3674 hiscedein
1316 3610 1409 3694 apud

310 3709 390 3773 illos
404 3753 406 3758 ,
420 3727 550 3782 omnes,
574 3709 748 3787 Malelam,
766 3709 964 3796 Cedrepum,
994 3717 1028 3774 et
1046 3709 1260 3794 Septimium,
1279 3713 1407 3778 eaedem
1440 3752 1443 3756 -

312 3809 454 3874 Helenae
470 3829 599 3892 preces,
622 3815 632 3844 ‘
649 3830 755 3888 orare,
770 3830 810 3874 ne
823 3829 886 3886 ·se,
902 3830 979 3894 quae
1005 3813 1108 3876 semel
1121 3813 1155 3878 in
1170 3812 1269 3877 fidem
1290 3833 1407 3878 eorum

310 3917 449 3994 recepta
463 3919 562 3998 esset,
579 3911 781 3995 prodendam
797 3919 966 3995 putarent3
989 3934 1028 3978 ea
1044 3934 1159 3978 secum
1175 3915 1275 3978 domo
1289 3915 1408 3979 Mene·

308 4015 366 4091 lai,
383 4032 461 4098 qnae
476 4015 607 4098 propria
618 4013 770 4091 fuissent,
782 4014 862 4077 nihil
874 4022 1033 4097 praeterea
1047 4016 1217 4081 ablatum!
1248 4015 1406 4095 Malelasa

232 4125 234 4129 '
308 4113 409 4198 ᾔτησεν
423 4113 522 4188 αὐτοὺς
539 4113 693 4200 ὁρκῶοαοα
705 4119 743 4196 μὴ
759 4115 926 4201 προδοθῆναι,
941 4114 1130 4202 natabam
1152 4120 1407 4200 paterarum·

218 4263 222 4270 .
309 4213 382 4278 λίνον
396 4215 549 4296 εἰληφέναι,
564 4220 645 4281 ἀλλὰ
659 4215 701 4281 τοὶ
714 4215 776 4284 tta.
785 4216 970 4302 μόνοι,ἔλνγον
981 4217 1066 4304 ἔχειν.
1098 4220 1327 4292 Hiscedictis'.
1336 4221 1407 4284 He·
