3112 4950
458 385 506 432 nn
530 383 659 433 nxcru.
681 383 808 432 uncum
832 359 980 439 ursana.
1193 367 1257 432 331

176 535 214 593 ut
227 534 355 610 patrem
370 545 467 590 sunm
479 525 678 591 ulciscatur:
700 525 899 607 tandemque
917 527 1026 608 placet
1037 526 1260 608 Agamemno·

175 629 211 691 ni
226 633 259 692 et
272 626 423 690 omnibus
438 627 624 690 consilinm.
669 626 780 691 Datur
798 626 967 707 negotium
991 625 1180 691 Menelaor‘
1203 627 1260 692 hic
1320 707 1325 717 ,

177 730 318 810 Scyrum
329 737 343 764 ¹¹
364 727 584 806 proficiscitur
598 727 642 792 ad
661 727 880 811 Lycomedem
896 747 994 791 avam
1008 726 1098 810 ejus:
1123 728 1262 810 imperat

177 833 214 892 ut
226 837 379 912 nepotem
393 849 489 894 suum
504 831 625 893 mittat.
667 827 769 907 Quod
785 827 991 912 Lycomedes
1005 825 1141 908 Argivis
1154 827 1261 890 liben-

177 935 226 992 ter
248 931 426 994 concessit.
469 931 657 1014 Postquam
681 930 824 996 indnciae
847 931 1007 1006 exierunt,
1031 928 1262 1009 Agamemnon

179 1032 362 1095 exercitum
379 1032 508 1109 eduxit,
524 1032 668 1112 instruit,
682 1032 841 1096 hortatur.
885 1031 1008 1095 Contra
1030 1029 1168 1112 Trojani
1183 1049 1261 1112 pro·

178 1131 298 1198 deant:
321 1133 472 1215 praelium
486 1133 711 1198 committitur.
754 1132 796 1195 In
817 1133 924 1216 prima
939 1133 1012 1197 acie
1028 1130 1121 1214 Ajax
1146 1149 1260 1193 versa·

177 1238 242 1310 tur,
256 1234 399 1296 clamore
412 1253 532 1315 magno
547 1241 628 1298 orto.
672 1233 775 1298 Multi
792 1253 836 1297 ex
857 1241 1003 1316 utraque
1017 1239 1113 1315 parte
1128 1232 1262 1295 cadunt.

176 1329 368 1396 Alexander-
381 1353 493 1397 arcum
507 1339 633 1412 tenere,
649 1337 771 1400 multos
785 1335 947 1412 interficit,
963 1333 1083 1417 Ajacis
1100 1334 1189 1397 latus
1204 1353 1264 1396 nu·

177 1433 257 1496 dum
272 1433 352 1511 tigit.
396 1433 488 1518 Ajax
503 1437 636 1500 saucius
650 1456 712 1520 per
725 1437 841 1500 hostes
855 1435 1015 1519 persequi
1031 1433 1262 1498 Alexandrum

178 1537 302 1616 coepit:
325 1555 389 1600 nec
401 1536 538 1614 destitit,
551 1539 617 1601 nisi
633 1543 866 1621 prosterneret.
894 1535 988 1620 Ajax
1004 1535 1111 1599 fessus
1124 1536 1262 1599 vulnere

176 1635 211 1697 in
225 1643 338 1700 castra
352 1637 498 1702 refertur.
540 1638 668 1720 Sagitta
683 1646 817 1702 exemta
833 1639 943 1701 statim
957 1637 1121 1700 moritur.v
1152 1635 1260 1700 Alex-

178 1735 272 1801 andri
287 1757 406 1822 corpns
421 1739 464 1803 ad
478 1741 591 1803 urbem
608 1740 778 1803 refertur.w
820 1738 1017 1800 Alexandro
1033 1739 1160 1813 occiso,
1179 1737 1263 1800 Dio·

177 1837 419 1919 medesmagno
435 1839 546 1902 auimo
559 1839 594 1900 in
608 1840 721 1902 hostes
733 1837 983 1920 impressionem
998 1837 1091 1900 lacit.
1117 1835 1265 1918 Phryges
1283 1869 1287 1878 »

177 1937 259 2000 fessi
273 1937 309 1999 in
330 1938 444 2000 urbem
465 1939 667 2021 confugiunt,
683 1959 768 2023 quos
784 1937 962 2002 Diomedes
977 1957 1086 2019 usqne
1102 1937 1135 2000 in
1149 1939 1265 2001 urbem

178 2038 398 2121 persequitur.
429 2037 655 2121 Agamemnon
671 2043 852 2106 exercitum
868 2041 956 2104 circa
971 2039 1133 2122 oppidum
1148 2039 1264 2117 ducit,²
1291 2037 1296 2044 “

178 2147 212 2203 et
234 2145 304 2204 tota
326 2147 427 2204 nocte
445 2140 535 2205 circa
553 2163 679 2206 mamm
695 2143 838 2219 obsidet,
857 2145 890 2205 et
904 2148 999 2205 curat
1012 2146 1050 2205 ut
1065 2141 1266 2223 altemislvi-

179 2241 276 2304 cibus
290 2241 464 2323 diligenter
478 2243 611 2324 vigilias
627 2251 736 2327 agant.
766 2245 909 2308 Postera
923 2241 977 2307 die
992 2241 1145 2304 Priamus
1160 2240 1266 2306 Alex-

180 2341 317 2405 andrum
340 2343 373 2406 in
401 2345 528 2428 oppido
552 2347 685 2428 sepelit,
705 2365 803 2428 quem
826 2363 945 2425 magno
973 2344 1104 2407 ululatu
1131 2342 1266 2409 Helena

179 2451 359 2522 prosecuta
372 2450 434 2520 cst,
445 2447 604 2528 quoniam
621 2448 664 2510 ab
676 2466 716 2511 ec
728 2445 906 2510 honorifice
920 2451 1063 2509 tractata
1077 2443 1131 2508 sit.
1155 2443 1266 2522 Quam

180 2540 331 2609 Priamus
344 2552 379 2608 et
400 2545 544 2611 Hecuba
557 2555 596 2610 ut
609 2547 714 2612 filiam
730 2551 942 2630 aspexerunt,
960 2553 992 2610 et
1015 2545 1186 2627 diligenter
1208 2563 1267 2608 cu·

632 2757 809 2779 ΟΜΙΝΝΝΟ

213 2905 228 2950 2
245 2903 335 2968 Duxit,
342 2911 369 2955 et
380 2919 439 2956 mox
449 2907 548 2970 abradit,
558 2907 652 2972 Delph.

672 3035 778 3085 NOTAE

213 3160 221 3190 ²
237 3159 318 3208 Datur
327 3158 446 3220 negotium
456 3161 576 3222 Meretur]
599 3163 639 3210 Ex
650 3162 704 3211 llo·
744 3162 796 3218 alii,
806 3161 923 3223 Trojanis
938 3159 1068 3208 oraculum
1083 3157 1178 3205 editum
1191 3163 1220 3205 ut
1231 3158 1268 3205 lu·

182 3232 398 3294 mero,⁴·Achilli.'
425 3235 704 3300 ExSophoers‘Aehrr-
745 3230 1268 3296 toeumroenoquepetereut‚(lerroeuim

181 3310 199 3358 li
211 3318 238 3357 et
250 3307 382 3358 Prroenrctl
744 3311 873 3362 vulnerari
888 3325 939 3358 uon
951 3307 1079 3371 poterat,)
1095 3315 1121 3356 et
1134 3310 1182 3358 hoc
1194 3311 1269 3359 modo

213 3393 226 3418 ¹¹
241 3386 340 3448 Scyrum
350 3385 517 3450 pretendens]
541 3387 635 3437 Obiter
652 3401 705 3438 mo·
744 3389 848 3437 obiisse.
872 3385 925 3434 Alii
936 3397 1021 3432 rursus
1033 3397 1090 3431 eum
1103 3383 1150 3432 sibi
1160 3393 1269 3433 mortem

181 3458 281 3510 naudus
300 3473 337 3520 es,
358 3461 450 3516 lector,
467 3463 576 3524 Scyrum
597 3464 705 3514 iurrrlam
745 3463 899 3514 conscivisse
908 3457 1053 3519 affirmant3
1076 3467 1181 3522 quorum
1193 3467 1233 3508 est
1243 3461 1269 3508 in

180 3534 290 3584 mediam
298 3533 366 3582 inter
374 3535 495 3585 Euboeam
503 3537 636 3586 etLerbon
645 3539 705 3588 olim
744 3552 850 3588 numero
862 3533 1022 3600 Sophocles!
1048 3533 1116 3583 Vide
1126 3533 1195 3597 aprrd
1206 3535 1272 3584 Die.

181 3610 270 3662 fuisse.
290 3611 366 3661 Unde
378 3612 564 3664 animadvertas
576 3616 704 3666 solennem
744 3623 799 3680 tyn,
811 3629 838 3664 v.

181 3687 326 3737 tabularum
337 3687 575 3752 Gecgraphicarum
583 3705 704 3756 errorem,
776 3697 792 3722 w
808 3688 942 3739 Alexandri
952 3703 1034 3751 cerpus
1045 3688 1075 3736 ud
1085 3686 1175 3750 urbm]
1194 3686 1271 3736 Alex·

181 3761 225 3812 ubi
236 3761 329 3824 Scyrus
340 3762 438 3811 Euhoea
450 3766 565 3827 proxima
576 3767 689 3830 ponitur.
745 3765 852 3814 andrum
868 3766 900 3812 ab
913 3763 994 3827 Ajace
1004 3763 1117 3812 occisum
1134 3761 1208 3822 dicit,
1226 3776 1271 3810 ne·

214 3846 226 3870 '
251 3836 348 3899 &garta
373 3844 467 3888 exemto
491 3842 575 3890 rtatim
593 3844 705 3910 moritur]
745 3843 871 3906 rciuqnor
886 3848 1005 3890 auctores
1022 3844 1141 3887 recatus:
1159 3837 1271 3884 namelii

182 3906 283 3962 Auctor
299 3913 444 3976 argumenti
460 3915 486 3963 in
501 3915 634 3980 Sophoclis
647 3919 707 3983 Aja·
744 3933 833 3969 omnes
843 3916 959 3968 scrlhuut
971 3929 1028 3964 enm
1046 3929 1062 3962 a
1078 3912 1222 3962 Philoctete
1233 3912 1272 3960 in·

183 4001 240 4036 cem
259 3987 296 4037 ita
315 3987 417 4038 scribit:
442 3989 498 4038 ‘De
516 3997 600 4042 morte
619 3992 706 4056 Ajacir
744 3991 992 4044 terfectumfoisse:
1012 3990 1070 4038 vide
1083 3987 1272 4051 apndDictyn.

183 4060 283 4111 vadant
310 4063 380 4126 apud
406 4069 525 4114 auctores
552 4068 705 4118 sententia:
746 4071 827 4129 Solus,
839 4067 1004 4135 quodecim,
1022 4063 1190 4128 Hephaertiou
1204 4061 1272 4112 affir-

183 4137 226 4188 alii
238 4137 310 4187 alunt
320 4153 336 4187 a
346 4139 442 4190 Paride
453 4140 612 4193 vulneratum
625 4145 707 4195 reuis-
746 4157 809 4208 mar,
818 4160 876 4196 euru
888 4142 1031 4192 aMenelac
1040 4141 1066 4189 iu
1076 4138 1174 4189 femore
1184 4139 1271 4189 vulne·

184 4213 523 4280 seincastraruaranguiue
533 4215 705 4272 detinentem:
747 4220 976 4272 rarumiarsriirse.
