3112 4950
288 362 352 427 {llo
660 377 823 426 nanrrrs
847 376 1005 426 aaaron

288 521 409 584 fratres
424 518 617 594 ulciscatur,
632 519 772 584 insidias
786 519 911 585 Achilli
924 521 1039 598 saciat,
1065 527 1098 584 et
1118 540 1196 584 eum
1219 540 1282 586 nec
1305 522 1377 604 opi·

289 628 422 684 nantem
438 619 590 684 occidat:
614 623 772 702 quoniam
795 623 839 686 ed
863 641 899 686 se
921 620 1061 696 miserit,
1088 629 1122 684 et
1148 621 1316 702 rogaverit
1341 629 1378 686 ut

291 721 357 785 sibi
371 721 545 802 Polyxena
560 723 592 784 iu
604 721 816 787 matrimonio
834 723 977 800 daretur,
999 743 1036 786 se
1053 722 1186 785 adeum
1200 723 1378 786 missuram

278 821 417 896 ,Priami
431 820 556 898 verbis,
570 835 609 886 ut
622 843 740 907 paoem
755 825 933 907 foedusque
947 824 1032 888 inter
1047 843 1085 886 se
1100 823 1241 901 firment,
1255 825 1380 888 consti·

291 928 450 1005 inantque
472 921 506 985 in
530 923 609 987 fano
631 923 799 1008 Apollinis
824 925 1030 1008 Thymbraei,
1053 934 1131 988 ante
1157 933 1314 1007 portam:
1337 945 1378 988 eo

291 1023 455 1088 Achillem
476 1031 663 1103 venturum,
687 1026 945 1090 collocuturum:
967 1027 1015 1090 ibi
1040 1025 1181 1090 insidias
1205 1025 1377 1090 collocari:

292 1125 376 1188 satis
405 1124 485 1188 vitae
510 1143 581 1188 suec
605 1145 677 1190 esse
705 1127 836 1190 sicum
862 1127 1040 1191 occiderit:
1062 1127 1153 1210 quod
1184 1129 1379 1190 temerarius

291 1225 482 1289 Alexander
495 1233 575 1302 erat,
590 1227 659 1290 cito
675 1247 711 1290 se
724 1227 876 1310 promisit
888 1227 1066 1292 facturum.
1111 1226 1228 1291 Noctu
1250 1227 1379 1290 ducun-

234 1371 239 1384 ,
292 1333 345 1390 tur
358 1327 399 1391 de
414 1329 563 1391 exercitu
578 1328 759 1406 fortissimi,
774 1331 856 1393 etin
872 1330 950 1393 iano
964 1327 1134 1411 Apollinis
1148 1329 1378 1393 collocantur:

291 1429 423 1510 signum
445 1430 625 1512 accipiunt.
671 1430 814 1494 Hecuba
836 1431 877 1514 ad
900 1429 1078 1507 Achillem,
1104 1429 1230 1493 Priami
1256 1430 1378 1506 verbis,

292 1531 395 1595 sicuti
410 1532 617 1601 condixerat,
630 1533 777 1594 nuntium
798 1533 910 1616 mittit.
953 1531 1107 1596 Achilles
1120 1531 1232 1605 laetus,
1250 1531 1379 1614 Polyx-

292 1649 389 1694 enam
410 1649 534 1708 amans,
549 1632 752 1714 posteradie
768 1632 811 1695 ad
825 1632 938 1696 sanum
954 1651 990 1696 se
1004 1637 1177 1696 venturum
1195 1633 1379 1696 constituit.
1460 1619 1463 1626 ’

293 1729 338 1793 Et
352 1732 539 1814 insequenti
554 1732 609 1796 die
625 1751 702 1798 cum
718 1731 898 1796 Antilooho
911 1733 982 1796 filio
1005 1731 1162 1796 Nestoris
1184 1731 1228 1795 ad
1252 1733 1377 1796 consti·

294 1838 399 1896 tutum
415 1835 514 1907 venit,
528 1833 698 1914 simulque
711 1839 749 1896 ut
761 1833 908 1897 introivit
919 1833 953 1897 in
967 1833 1093 1910 fenum,
1114 1851 1159 1896 ex
1182 1832 1313 1896 insidiis
1323 1853 1381 1898 oe·

292 1940 434 2000 currunt.
478 1934 636 2018 Undique
658 1936 727 1999 tela
741 1935 968 2019 conjiciunt21’
989 1955 1049 1999 eos
1072 1933 1169 1998 Paris
1184 1933 1379 1999 Alexander

292 2033 455 2100 hortatur.
505 2036 655 2102 Achilles
682 2056 759 2100 cum
780 2035 974 2112 Antilocho,
999 2035 1138 2102 brachio
1163 2035 1299 2099 sinistro
1325 2055 1381 2100 eo·

293 2143 420 2218 operto,
435 2137 553 2200 dextro
565 2157 676 2200 ensem
692 2145 820 2215 tenens,
835 2139 917 2202 iacit
931 2139 1104 2220 impeturn.
1136 2135 1285 2202 Achilles
1299 2138 1382 2200 mul-

178 2255 179 2258 ’
293 2243 346 2302 tos
371 2239 507 2303 occidit.
551 2239 743 2302 Alexander
764 2237 978 2302 Antilochum
1002 2245 1036 2302 et
1052 2237 1242 2302 Achillemq
1268 2237 1382 2302 multis

293 2339 416 2421 plagis¹
433 2339 593 2404 uuniodit.
637 2339 691 2404 Ita
705 2338 854 2404 Achilles
867 2359 911 2404 ex
925 2338 1065 2416 insidiis,
1086 2338 1304 2422 nequicquam
1318 2341 1383 2404 for·

294 2440 371 2504 titer
393 2440 528 2519 faciens,
549 2443 691 2504 animam
717 2441 845 2505 amisit:
867 2460 965 2524 quem
988 2439 1182 2505 Alexander
1204 2439 1325 2505 auferri
1349 2447 1384 2523 et

294 2537 485 2607 volucribus
500 2544 620 2626 projici
630 2543 739 2627 jubet.
783 2543 825 2606 Id
840 2563 881 2607 ne
895 2543 989 2606 tieret
1005 2543 1156 2608 Helenus
1170 2543 1278 2606 multa
1290 2563 1383 2606 eom·

294 2663 484 2710 memorans
498 2647 662 2729 prohibet,
678 2651 711 2710 et
726 2663 785 2708 eos
800 2645 843 2709 de
856 2645 933 2710 fano
949 2644 1025 2728 ejici
1035 2645 1144 2728 jubet,
1157 2651 1190 2708 et
1201 2643 1273 2708 suis
1285 2645 1383 2710 tradi.

295 2743 460 2809 Achillem
474 2754 507 2810 et
524 2745 742 2810 Antilochum
769 2746 805 2808 in
826 2753 937 2810 castra
952 2747 1102 2810 afferunt.
1149 2745 1384 2826 Agamemnon

295 2844 463 2909 Achillem
479 2845 655 2928 magnifico
667 2845 782 2909 funere
798 2847 912 2911 effert:
925 2856 957 2910 et
973 2853 1007 2910 ut
1019 2846 1209 2929 sepulcrum
1221 2847 1254 2908 ei
1265 2847 1382 2924 faciat,

296 2963 317 3006 a
345 2946 477 3010 Priamo
506 2947 658 3010 inducias
693 2947 789 3030 petit,
824 2949 938 3032 ibique
975 2947 1075 3011 ludos
1104 2945 1258 3012 funebres
1286 2948 1383 3012 facit.

260 3096 262 3100 .
295 3045 378 3127 [35.]
416 3047 548 3110 Deinde
577 3047 757 3111 concilium
787 3055 971 3114 convocat:
1008 3047 1154 3130 Argivos
1181 3049 1383 3132 alloquitur;

222 3214 225 3220 ,
294 3147 406 3228 placet
421 3151 575 3212 omnibus
589 3155 626 3230 ut
641 3150 721 3232 quid
741 3149 898 3214 faciendo
914 3170 1003 3232 opus
1026 3150 1070 3213 sit
1084 3150 1142 3212 Dii
1158 3151 1386 3216 consulantur.

296 3246 434 3312 Mittunt
449 3252 601 3314 continuo
617 3253 674 3332 qui
688 3255 861 3317 consulere
876 3253 1037 3316 debeant:
1053 3252 1111 3334 qui
1122 3271 1316 3334 responsum
1328 3271 1387 3316 ac-

296 3347 447 3428 cipiunt,⁵
468 3371 526 3431 per
540 3350 685 3416 Achillis
700 3355 888 3434 progeniem
911 3352 1008 3415 finem
1034 3353 1155 3442 negotii
1171 3353 1251 3414 lieri.
1296 3350 1385 3416 Cum

296 3447 369 3512 haec
385 3452 491 3513 nuntii
513 3453 716 3530 retulissent,
731 3451 824 3538 Ajax
839 3455 908 3519 ait:
931 3474 1007 3520 cum
1022 3453 1146 3517 Achilli
1161 3453 1250 3516 filius
1267 3453 1387 3537 Neop-

295 3549 436 3613 tolemus
458 3553 612 3634 supersit,
643 3573 718 3618 eum
743 3562 897 3638 oportere
922 3555 1078 3620 accersiri
1103 3553 1147 3618 ad
1183 3542 1386 3632 exereitum,

788 3735 895 3786 NOTAE

328 3832 341 3866 Ρ
356 3826 464 3888 Undique
474 3827 520 3876 tela
530 3827 668 3889 contutant]
678 3827 820 3880 Alitarboc
860 3831 957 3880 minato
968 3831 1022 3880 ictu
1034 3830 1160 3880 Achillem
1172 3827 1325 3879 confossum.

296 3910 384 3952 narrat
396 3903 499 3965 Dictys,
510 3918 586 3967 quern
596 3903 654 3952 vide
665 3919 703 3955 1v.
716 3911 756 3954 ll.
856 3935 860 3944 ·
892 3913 902 3939 ⁸
919 3907 968 3968 Qui
976 3920 1113 3970 responsum
1119 3902 1249 3966 ucdpim]
1261 3901 1316 3952 Alii
1323 3906 1393 3955 scri·

327 3986 339 4019 ι1
356 3977 505 4027 Antilochum
514 3985 538 4028 et
547 3980 674 4045 Achillem]
685 3981 736 4030 Sed
745 3983 820 4032 Auti-
860 3981 932 4038 baut,
943 3983 1072 4032 Helenum
1087 3981 1197 4030 edixisse
1208 3980 1309 4030 Grecis
1319 3979 1394 4048 fors,

296 4054 818 4123 loclrnrnaMemnoneoccisuurnarrant‚
859 4067 887 4108 nt
905 4075 951 4122 per
967 4060 1168 4123 Neoptolemum
1183 4057 1261 4120 'froja
1278 4071 1395 4120 eapere-
1482 4095 1486 4102 .

299 4127 406 4176 Homer.
423 4129 525 4193 Dictys,
535 4137 562 4180 et
572 4133 615 4181 elii
627 4147 722 4184 omnes.
857 4143 908 4186 tur.
942 4137 1062 4199 Scphoel.
1074 4135 1099 4184 in
1110 4133 1249 4184 Philoctet.
1266 4133 1395 4196 Tretree,

330 4210 341 4234 ¹
356 4203 442 4252 Multis
448 4205 538 4270 plagis]
558 4207 651 4272 Dictys
667 4209 757 4260 scribit
772 4224 816 4275 ge·
857 4212 882 4260 in
895 4211 1019 4275 Lycopbr.
