3152 4950
289 373 354 440 270
640 385 800 434 nrcrros
824 379 1031 433 caurensis
1059 423 1061 426 .

289 551 399 608 enses,
414 529 475 594 nbi
490 527 766 612 Areopagitarum
778 527 945 612 judicium
961 520 1230 590 severissimum‘
1242 543 1301 608 per
1314 543 1386 591 uma

289 653 364 698 nern
380 631 550 710 Graeciam
565 629 828 694 memorabatur:
844 627 934 711 apud
950 645 1037 710 qnos
1053 627 1144 692 dictu
1159 643 1275 704 cause,
1284 625 1383 710 jnvc-

290 735 344 798 nis
359 732 556 797 absolvitur.
599 729 759 810 Erigone,
775 747 853 812 quae
868 747 912 792 ex
928 727 1084 807 AEgisthn
1104 725 1196 790 edita
1217 733 1301 802 erat,
1325 727 1388 790 nbi

288 835 425 898 fratrem
439 831 627 898 absolutum
641 829 807 910 intelligit,
817 829 910 892 victa
923 827 1043 892 dolore
1054 825 1244 902 immodico,
1258 826 1383 908 laqueo

289 935 440 1000 intentes
494 929 707 998 Mnestheus*
729 931 906 1006 liberatum
929 925 1104 992 Orestem⁸
1127 926 1299 1008 parricidii
1321 925 1385 992 cri-¹

290 1037 388 1114 uriae,
402 1041 644 1119 purgatumque
669 1049 760 1095 more
782 1031 893 1112 petrin
919 1029 1047 1092 cunctis
1066 1026 1219 1090 remediis
1235 1045 1313 1109 quoe
1337 1027 1389 1119 ad,

291 1132 513 1202 obliuionemi
527 1131 722 1216 hujusmodi
734 1129 895 1194 iocinoris
906 1127 1060 1192 adbiberi
1074 1125 1176 1192 solita
1189 1133 1293 1204 erant,
1305 1125 1388 1209 My·

292 1257 393 1302 cenas
414 1235 570 1302 remittit:
591 1235 708 1317 ibique
722 1249 859 1315 regnum
873 1231 906 1294 ei
920 1245 1131 1294 concessum.
1177 1227 1267 1291 Dein
1279 1233 1385 1292 uana-

750 1487 753 1493 ,
786 1443 893 1496 Nona*

300 1609 302 1611 -
327 1575 402 1626 ‘Ubi
411 1573 738 1640 Areopagitarumjudieium
753 1587 817 1622 seue·
856 1569 931 1630 Ailou,
942 1565 1088 1630 καλούμενον
1106 1563 1131 1619 ii
1150 1563 1387 1633 ἱερδν,ε1ναιλέγου-

290 1649 422 1712 tissimum]
456 1649 631 1712 Areopagitae,
659 1648 818 1698 Athenarum
858 1661 896 1695 σιν
913 1644 950 1706 ἐφ’
966 1641 1063 1694 oium
1077 1644 1304 1708 ἅνδρεςτροιζννίνν
1319 1645 1388 1694 ἐννέα

292 1733 435 1785 senatores,
447 1726 485 1774 sic
501 1725 565 1774 dieti
582 1723 615 1774 ab
627 1723 774 1786 Areopago,
792 1722 827 1790 td,
856 1719 972 1784 Ὀρέστην
982 1717 1097 1784 iadtppar
1107 1718 1146 1768 lsi
1160 1721 1195 1784 τῷ
1208 1719 1273 1782 φόνῳ
1286 1722 1331 1778 rire
1342 1738 1391 1782 μψ,

291 1797 819 1863 est‚colleMartis‚¹'Apnossiper,quoju·
858 1791 921 1857 spir.
961 1794 1105 1858 ‘Lapidem
1125 1801 1212 1844 autern
1233 1797 1304 1844 illum
1325 1805 1388 1846 ante

292 1875 404 1924 dicatnri
416 1874 615 1924 conveniebant.
647 1874 741 1922 Eorum
749 1871 818 1936 judi·
860 1869 995 1932 templum,
1006 1869 1051 1933 qni
1067 1883 1141 1918 sacer
1157 1870 1224 1933 lepis
1238 1869 1325 1919 dictus
1336 1877 1391 1933 est,

292 1951 333 2000 cis
355 1950 518 2000 severissima
545 1948 725 2007 habebantnr;
752 1945 820 1994 unde
859 1943 918 1995 enne
939 1959 996 1994 esse
1015 1943 1117 2008 dicunt,
1133 1957 1210 2008 snper
1228 1959 1306 2009 quem
1326 1945 1388 1994 olirn

292 2032 319 2073 et
329 2025 356 2073 in
372 2022 535 2087 proverbium
551 2023 645 2072 abiere.
678 2019 747 2070 Vide
761 2019 819 2069 Sui·
860 2021 909 2069 viri
925 2033 1017 2069 uorem
1028 2019 1154 2068 Troezenii
1166 2019 1288 2081 Orestem
1299 2021 1389 2082 expia·

292 2099 361 2157 dam,
380 2089 524 2160 Erasmurn,
542 2100 591 2147 dre.
624 2096 665 2144 lle
682 2093 819 2158 Areopago
859 2101 921 2144 runt
942 2109 958 2143 a
978 2091 1051 2142 carde
1075 2091 1184 2144 matris?
1215 2091 1289 2144 Ide'm
1312 2095 1390 2158 paulo

292 2175 352 2224 uide
363 2173 505 2223 doctissimi
518 2171 624 2240 Menrsii
638 2169 761 2220 libellum.
860 2175 935 2232 poste
952 2167 1043 2218 ‘Ante
1056 2170 1180 2232 ternplum
1191 2169 1340 2233 Apollinis,’
1350 2170 1390 2218 in-

324 2259 337 2294 t
358 2245 819 2307 Vicladoloreimmodieo,lnqaeoistss·
860 2243 998 2306 qnit„‘est
1013 2242 1115 2294 Orestis
1125 2244 1223 2294 dietum
1240 2245 1389 2294 tentorium·

294 2323 336 2387 s'r't]
356 2325 429 2373 ldenr
440 2330 530 2373 auctor
546 2323 632 2386 magui
643 2320 821 2384 Etymologici.
861 2319 929 2368 Nem
945 2323 1080 2382 numquam
1100 2318 1173 2368 crede
1188 2317 1276 2369 matris
1295 2335 1389 2382 pnrga-

293 2397 405 2451 Qnidaur
433 2389 520 2447 tamen
549 2396 674 2457 scribunt,
699 2393 820 2444 Orestem
860 2400 942 2454 retur,
958 2393 1040 2443 nullus
1056 2393 1247 2444 'l'roeneniorurn
1260 2389 1342 2444 uoluit
1358 2395 1389 2444 it·

293 2474 432 2536 Erigonam
448 2485 555 2522 uxorem
572 2471 685 2526 duxisse,
695 2474 723 2518 et
740 2481 772 2517 ex
789 2480 821 2516 ea
859 2464 911 2518 inm
922 2468 1026 2517 domum
1041 2481 1113 2518 snam
1130 2468 1256 2532 recipere.
1287 2466 1340 2518 Sed
1357 2469 1388 2521 il-

293 2549 437 2612 aasceplsse
456 2546 614 2596 Ponthiluru.
647 2545 690 2593 lta
707 2543 820 2605 laetans,
859 2545 912 2593 lum
923 2544 960 2593 ibi
971 2543 1160 2595 constituentes
1177 2542 1335 2608 purgabant,
1352 2543 1390 2594 ei·

294 2615 321 2672 in
332 2623 446 2686 Lycoph.
458 2620 603 2671 Pausanias
611 2627 638 2670 et
650 2619 700 2668 alii.
860 2635 909 2684 qne
926 2621 997 2671 cibos
1015 2620 1177 2685 praebebant.
1188 2620 1272 2670 donee
1284 2621 1391 2670 omnino

283 2751 285 2754 ,
326 2696 339 2731 ¹²
364 2697 512 2762 Muslsss]
544 2695 626 2758 Atqui
656 2689 820 2743 Mnestheum
861 2693 940 2745 inerit
954 2695 1082 2760 expiatus.
1114 2696 1149 2744 Et
1165 2695 1242 2744 etiam
1259 2709 1327 2744 nune
1343 2709 1387 2744 ne-

293 2765 386 2819 eodenr
407 2783 483 2830 anno,
502 2783 553 2833 qno
571 2767 649 2831 Troja
666 2775 745 2830 capta
763 2766 820 2824 fuit,
862 2778 936 2834 potes
952 2785 1051 2834 eorum,
1063 2771 1106 2836 qni
1122 2771 1194 2821 illum
1207 2767 1388 2834 expiaverunt,

293 2843 425 2892 interiisse
446 2851 547 2892 certum
570 2849 620 2892 est.
653 2841 713 2890 Non
736 2843 821 2904 potuit
860 2847 964 2895 statutis
975 2846 1126 2910 quibusdam
1137 2845 1229 2895 diebus
1239 2844 1332 2895 eodem
1342 2845 1387 2894 illo

294 2919 376 2981 igitur
395 2917 516 2967 Orestem
532 2931 651 2981 purgare,
667 2917 711 2980 qui
728 2923 821 2966 acturo
860 2919 918 2970 loco
929 2923 1040 2972 omnem.
1074 2921 1133 2971 Non
1143 2922 1220 2985 longe
1232 2920 1265 2970 ab
1277 2921 1321 2970 illo
1332 2925 1387 2970 ten·
1403 2932 1406 2938 ’

294 2991 398 3040 demnnr
407 3005 473 3041 enno
484 3000 542 3053 post
551 2991 653 3052 Trojam
664 2997 767 3053 captam
779 2992 821 3040 Ε·
860 2995 926 3044 torio
952 2996 1062 3059 sepulte
1088 2994 1194 3046 fuerunt
1221 2995 1389 3059 purgationes

294 3064 555 3130 gisthuminterfecit.
572 3064 665 3127 Neque
675 3065 822 3114 verinsSui·
858 3069 920 3126 illae,
934 3083 1013 3134 snper
1024 3083 1086 3134 quas
1097 3071 1169 3120 siunt
1179 3071 1279 3120 laurum
1290 3075 1388 3132 naum,

295 3141 342 3190 das
353 3149 382 3190 et
400 3137 579 3203 Aristophanis
597 3138 761 3200 scholiastes,
778 3140 820 3202 qni
860 3156 918 3207 (μω
928 3143 1011 3194 adnue
1022 3144 1058 3194 tbi
1075 3143 1207 3196 cernitur(
1229 3143 1327 3196 Fertur
1341 3147 1388 3195 ιιι.

295 3216 410 3266 scribunt
421 3216 542 3266 Orestem
554 3221 669 3277 tempore
680 3213 821 3263 Pandionis
860 3231 901 3267 am
926 3218 1072 3268 Troezenios
1099 3219 1266 3282 purgationes
1294 3217 1388 3268 multas

296 3289 409 3340 Athenas
421 3290 529 3341 senisse.
551 3288 669 3338 Pandion
677 3289 745 3336 enirn
757 3289 822 3337 rnul-
859 3293 923 3342 alias
934 3293 1089 3357 adhibuisse,
1099 3301 1127 3343 et
1138 3307 1230 3358 aquam
1242 3307 1276 3343 ex
1286 3293 1388 3357 llippo·

296 3371 323 3414 to
336 3365 469 3416 vetustior.
495 3363 583 3414 Quare
592 3361 734 3412 Athenaeus
745 3363 821 3413 unico
860 3367 1016 3424 erenesssm.

295 3438 450 3503 sequendus,
461 3439 505 3503 qni
521 3437 569 3488 sub
581 3436 777 3500 Demophoonte
793 3436 820 3486 id
891 3439 899 3474 l
916 3442 977 3497 Ωιι»
987 3443 1019 3491 od
1029 3439 1177 3506 oblivionem]
1200 3441 1328 3494 Remedia
1344 3439 1388 3495 ilia

296 3512 386 3562 scribit
396 3513 532 3562 accidisse.
564 3511 606 3561 lta
615 3512 719 3561 'l'aetnes
731 3511 758 3559 ln
771 3513 821 3574 hy·
860 3515 892 3565 ad
904 3517 1057 3567 oblivionem
1076 3517 1196 3568 facinoris
1214 3533 1265 3568 non
1280 3519 1387 3569 adhibe·

295 3587 387 3650 copbr.
419 3587 511 3649 Neque
523 3585 602 3635 etiarn
615 3586 648 3635 de
658 3586 715 3635 looo
726 3599 820 3635 conve·
860 3591 974 3654 bantur3
997 3605 1057 3641 nam
1078 3591 1121 3657 qui
1144 3599 1269 3657 purgatus
1291 3592 1387 3654 inerat,

296 3662 379 3716 nient,
395 3659 438 3709 ubi
457 3660 566 3709 Orestes
581 3666 705 3723 purgatos
718 3659 778 3717 fuit.
790 3667 820 3710 ut
860 3673 911 3716 non
920 3665 979 3715 ideo
989 3666 1099 3716 minure
1110 3679 1137 3716 se
1149 3667 1295 3730 perpetrati
1307 3670 1387 3719 seele-

229 3737 231 3740 ’
295 3749 380 3801 neqne
391 3735 424 3785 de
436 3741 562 3798 ternpore.
582 3733 675 3797 Dictys
686 3735 731 3791 ait,
741 3735 820 3786 Athe·
860 3740 895 3788 ris
918 3753 1015 3790 memor
1036 3747 1112 3790 erat:
1148 3755 1228 3806 quare
1251 3742 1388 3804 scripsisse

295 3812 335 3860 nis
347 3815 493 3874 purgatum,
504 3808 591 3858 statim
602 3818 737 3872 postquam
747 3810 821 3861 sbso·
858 3813 965 3878 Dictyrn
981 3813 1110 3871 existimo,
1121 3829 1174 3878 pure
1191 3816 1223 3864 nd
1235 3814 1385 3866 ablatiosm.

295 3885 366 3934 lutus
386 3883 472 3932 suerit.
505 3881 642 3946 Euripides
660 3896 732 3939 uero,
750 3893 822 3947 post·
858 3888 1021 3940 Ablutienim
1040 3889 1145 3952 proprie
1162 3889 1324 3947 dicebantur,
1343 3892 1386 3955 qni

295 3972 373 4022 qnam
384 3972 400 4008 e
410 3953 522 4008 Taurica
536 3957 640 4020 regione
654 3971 771 4008 reversus
782 3959 821 4008 fn·
859 3963 1052 4027 purgationibus
1072 3963 1129 4014 istis
1146 3965 1243 4026 expiati
1262 3963 1383 4028 inserente

297 4035 357 4083 erit.
389 4033 502 4098 Aliiqne,
517 4047 568 4083 non
584 4033 610 4081 in
621 4031 712 4083 Attica
728 4033 777 4082 sed·
792 4036 820 4085 in
859 4038 927 4087 unde
947 4045 975 4087 et
995 4038 1095 4088 Gallice
1117 4037 1200 4087 adhue
1221 4035 1342 4100 dicimus,
1359 4055 1387 4098 ss

298 4107 363 4156 urbe
383 4108 516 4158 Troezene.
547 4107 659 4157 Pansan.
679 4107 706 4158 iu
729 4109 819 4160 Corin·
843 4100 988 4163 'used'rm
997 4113 1268 4177 monumento.

297 4179 407 4230 thiodis:
435 4181 480 4232 Τὸν
501 4180 526 4232 bi
549 4180 676 4246 ἔμπροσθεν
693 4185 736 4236 τοῦ
761 4185 818 4236 uoci
