3152 4950
298 403 364 472 218
580 423 595 430 ··
649 419 811 468 nrcuuos
835 417 1042 468 caurensis
1175 413 1178 418 '

299 561 456 628 iu'nlinm
479 559 613 626 modum
639 560 801 626 formatis.
845 560 1020 626 Scotorum
1035 560 1141 625 etiem
1168 565 1203 624 et
1225 561 1394 642 mearum

299 655 494 728 multiformi
508 662 634 745 specie,
644 660 932 726 horrendambelli
945 659 1303 743 saciempraebueraut.
1345 659 1396 726 At

299 761 443 828 ubitriti
457 761 587 844 aliquot
599 759 686 836 dies,
701 767 737 824 et
747 759 842 824 miles
856 759 984 824 bellum
995 760 1101 842 cupit,
1114 760 1212 824 simul
1227 779 1305 825 cnm
1318 762 1394 826 luce
1454 821 1459 844 ,

284 861 469 929 'exercitus
483 861 592 926 omnis
607 860 704 942 siguo
719 859 801 924 (lato
824 860 860 923 in
882 859 1036 942 praelium
1058 860 1204 938 ducitur,
1226 863 1393 946 cumquel

297 965 351 1029 his
366 959 517 1046 Trojani,
537 968 573 1026 et
594 962 651 1044 qui
674 963 761 1026 intra
784 961 907 1026 moenia
922 961 1009 1026 socii
1023 960 1167 1026 fuerant.
1202 961 1393 1028 utcontra

298 1061 412 1131 Graeci
427 1043 578 1128 instructi
591 1081 654 1146 pro
668 1067 818 1144 tempore
833 1061 989 1144 opperiri,
1005 1060 1171 1125 debilitati
1183 1062 1394 1144 aliquantum

298 1167 455 1242 animos,¹
477 1171 566 1229 metu
579 1163 723 1244 ingentis
739 1169 841 1246 atque
863 1162 1024 1244 incogniti
1045 1161 1164 1228 hostis.
1207 1162 1311 1244 Igitur
1331 1165 1392 1228 nbi

296 1270 385 1333 intra
400 1265 460 1330 teli
478 1264 607 1348 jactum
623 1269 753 1328 neutum
770 1270 835 1342 est,
856 1267 1022 1328 tumzvero
1037 1263 1169 1327 barbari
1182 1263 1329 1330 clamore
1342 1265 1394 1328 iu-

297 1363 388 1449 genti
399 1364 604 1442 rto-dissono,
628 1364 731 1428 ruinae
753 1364 789 1426 in
811 1362 948 1428 modum
966 1363 1173 1446 irrumpunt:
1195 1363 1298 1428 nostri
1312 1379 1393 1430 con-

297 1464 418 1531 firmati
440 1466 524 1530 inter
546 1469 601 1542 se,'
618 1465 703 1529 satis
726 1462 866 1546 impigra
888 1463 956 1526 vim
978 1463 1123 1527 hostium
1146 1469 1392 1530 sustentavero.

298 1565 366 1632 Sed
390 1571 570 1649 postquam
585 1565 676 1630 acies
687 1572 860 1629 renovator
875 1570 975 1646 atque
989 1565 1024 1628 iu
1039 1564 1187 1628 ordinem
1203 1563 1391 1631 reformate

297 1671 385 1744 sunt,
407 1672 441 1730 et
450 1666 524 1750 jaci
538 1667 616 1730 hinc
633 1670 734 1748 atque
747 1665 824 1730 iude
838 1665 905 1728 tela
919 1682 1068 1747 coepere,
1084 1665 1205 1730 cadunt
1220 1667 1392 1750 utriusque

297 1767 466 1832 exercitus
489 1765 643 1850 plurimi:
666 1783 773 1849 neque
797 1764 873 1827 finis
895 1762 945 1840 fit,
971 1761 1268 1848 quoadMemuon
1294 1785 1390 1830 curru

297 1871 429 1943 vectus,
452 1865 602 1930 adhibito
624 1883 737 1928 secum
751 1863 933 1928 fortissimo
947 1882 1091 1948 quoque,
1112 1864 1238 1929 medios
1253 1864 1393 1932 Graecc·

296 1985 368 2032 rum
382 1965 523 2043 invadit,
533 1967 688 2048 ¹primum
702 1983 870 2049 quemque
886 1965 1023 2030 obvium
1037 1964 1193 2044 fundens,
1215 1971 1274 2032 aut
1298 1969 1392 2034 debi-

296 2067 406 2132 litans.
435 2066 507 2131 lta
516 2066 587 2150 jam
602 2066 776 2150 plurimis⁹
794 2070 978 2130 nostrornm
991 2065 1183 2144 interiectis,
1199 2067 1314 2146 duces,
1330 2072 1390 2136 ubi

295 2169 432 2233 fortuna
441 2168 522 2233 belli
537 2187 643 2246 versa,
664 2185 865 2251 neque-spes
877 2166 1005 2250 reliqua
1019 2167 1085 2232 nisi
1099 2167 1135 2230 in
1149 2168 1227 2250 luga
1242 2176 1305 2248 est,
1319 2172 1391 2236 vic-

295 2267 416 2334 toriam
432 2287 637 2334 concessere.
681 2266 734 2333 Eo
750 2268 803 2334 dic
817 2269 960 2334 incensae
977 2287 1081 2334 naves
1097 2269 1302 2352 deletaeque¹
1319 2290 1390 2336 om-

295 2370 535 2449 nesteronem
549 2390 621 2435 nox
635 2369 819 2454 perfugium
833 2369 1056 2435 laborantium
1074 2370 1265 2452 ingruentes
1278 2371 1389 2437 hostes

296 2471 339 2534 ab
361 2471 510 2556 incoepto
526 2473 757 2538 cohibuisset:
778 2478 874 2537 tanta
895 2472 928 2536 in
952 2471 1130 2536 Memnone
1153 2471 1302 2536 bellandi
1324 2474 1386 2553 vis,

296 2571 493 2655 peritiaque,
504 2580 539 2636 et
551 2572 675 2636 nostris
691 2571 841 2638 adversae
856 2581 938 2637 res.y
970 2571 1032 2656 [6.]
1040 2571 1146 2655 Igitur
1156 2559 1282 2652 Graeci,
1296 2573 1391 2658 pust·

295 2693 394 2754 quam
409 2674 540 2756 requies
555 2679 618 2750 est,
640 2673 786 2758 perculsi
802 2673 890 2737 inter
904 2693 953 2750 se,
974 2692 1015 2737 ac
1030 2692 1168 2737 summae
1183 2693 1290 2738 rerum
1305 2677 1388 2742 diffi-

296 2772 423 2850 dentes,
446 2793 504 2856 per
519 2773 707 2838 universam
723 2779 856 2837 uoclcm
872 2794 957 2857 quos
972 2774 1112 2839 inbelle
1127 2776 1315 2854 amiserant,
1336 2797 1387 2841 se-

295 2871 431 2954 peliere.
474 2871 564 2936 Dein
578 2871 753 2936 consilium
768 2871 870 2938 futuri
886 2876 1076 2939 certaminis
1089 2874 1264 2940 adversum
1280 2877 1388 2945 Mem·

295 2990 415 3036 nouem
438 2973 570 3037 ineunt:
591 2992 632 3036 ac
656 2973 766 3056 placet
788 2979 877 3038 sorte
891 2975 968 3057 eligi
983 2995 1104 3040 nomen
1117 2976 1233 3042 ducis⁸
1254 2997 1329 3042 curn
1345 2997 1386 3044 eo

295 3071 460 3136 bellaturi.
489 3071 584 3136 Tunc
596 3071 822 3154 Agamemnon
839 3073 1202 3160 Menelaum'excipit‚⁸
1217 3076 1385 3162 Ulyssem,

296 3171 514 3238 Idomeneum
524 3179 552 3238 :²
567 3173 764 3257 reliquorum
781 3192 855 3239 sors
870 3175 924 3258 agi
939 3182 1065 3258 coepta,
1080 3177 1216 3262 Ajacem
1231 3177 1386 3243 Telamo-

684 3343 687 3350 ’
747 3353 930 3374 nument

296 3466 375 3516 hebet
384 3465 479 3528 Deion.
488 3465 602 3516 aliia-8
619 3465 759 3519 Omittitur
769 3469 796 3518 iu
807 3469 905 3532 Delph.
918 3470 1008 3518 rocula
1023 3484 1069 3532 qiu·
1078 3478 1136 3534 post
1146 3487 1199 3522 cunr
1209 3479 1236 3522 et
1247 3486 1308 3524 mou
1317 3479 1386 3538 atqu

296 3536 355 3595 post
363 3534 539 3604 renuente-9
556 3530 652 3596 Delph.
661 3533 808 3603 primm-ly
823 3533 920 3598 Delph.
931 3535 1069 3598 denuoque
1079 3540 1209 3587 socen-l
1225 3537 1320 3602 Delph.
1333 3539 1385 3590 lde·

784 3690 892 3741 NO'l'AE

294 3817 296 3830 ,
326 3789 339 3814 ¹
355 3745 821 3847 DebuitmiommoslSubintelligitnr
860 3784 933 3834 Idem
945 3784 1086 3836 cedrenus.
1118 3787 1170 3836 *sec
1186 3801 1218 3836 ex
1229 3788 1278 3837 lrcc
1290 3803 1385 3840 nostro·

179 3855 184 3866 ’
294 3856 444 3920 praepositio
460 3854 541 3918 ‘per'
557 3856 598 3904 vel
613 3854 695 3905 norit.
762 3896 763 3900 ,
857 3858 1384 3926 .¹AgsmemnonMeaclcsnexcipit]llle·

282 3993 286 4002 Ι
326 3930 486 3980 estanoris
495 3929 653 3992 dunenses]
680 3931 820 3996 Scripsisse
859 3935 1385 4001 nelaisorteurextrexit;Ulysaisldome·

293 4004 385 4054 debuit
394 4004 514 4066 Ιὶίοιμ,ι
523 4011 551 4052 et
561 4003 655 4052 uostris
665 4010 717 4054 tom
727 4007 820 4057 adver·
858 4023 932 4073 neus,
949 4011 1104 4074 reliquorum
1122 4012 1175 4060 alii.
1208 4011 1260 4061 Sed
1277 4013 1383 4076 Ajacem

294 4093 330 4128 aaa
351 4077 412 4128 res?
451 4076 485 4126 lrl
507 4078 576 4126 euim
599 4078 730 4129 scribendi
751 4083 819 4134 ratio
859 4097 914 4133 sors
932 4084 1041 4147 delegit,
1058 4085 1155 4151 quippe
1175 4101 1233 4150 qno
1253 4089 1344 4138 ultima
1357 4090 1383 4139 in

294 4153 396 4202 clamat.
859 4159 934 4221 galee
944 4159 1051 4208 restitit.
1084 4160 1385 4214 Etitalricloensiutel·

327 4227 389 4278 ’Ac
406 4227 483 4289 punt
499 4231 562 4277 acris
580 4226 639 4288 eligi
650 4241 731 4281 som
741 4231 818 4296 lucu]
858 4234 974 4300 ligandus
986 4242 1035 4286 est.
