3152 4950
303 387 368 454 228
656 395 817 448 nrcrros
842 388 1047 446 crannusts

286 525 399 620 bant,
422 540 553 623 genitus
573 536 704 604 Achille
727 558 773 604 ex
796 537 975 603 Deidamia
997 535 1223 620 Lycomedis,⁸
1245 545 1400 619 superne·

305 641 427 720 niens,b
440 641 576 706 offendit
589 641 753 704 tumulum
769 642 975 721 exstructum
986 639 1060 722 jam
1074 657 1119 700 ex
1133 644 1227 720 parte
1241 639 1401 702 maxima.

306 745 394 830 Dein
409 748 626 826 percontatus
639 741 768 805 exitum
782 748 929 824 paternae
943 739 1074 815 mortis,
1084 738 1291 830 doctusque,
1309 737 1401 820 Myr-

305 843 471 916 midonas,
496 849 627 924 gentem
641 841 856 905 fortissimam
872 845 905 904 et
918 840 1078 922 inclytam
1101 838 1276 915 bellandi,“
1298 838 1401 902 armis

306 949 404 1026 atque
419 942 538 1006 animis
552 939 749 1020 confirmat:
771 940 996 1023 impositoque
1010 938 1165 1003 faciendo
1182 941 1275 1022 operi
1299 940 1402 1003 Phoe·

305 1043 406 1120 nice,⁸
427 1042 472 1106 'ad
497 1060 602 1104 nares
629 1047 728 1123 atque
751 1042 794 1104 ad
817 1042 958 1105 tentoria
982 1040 1127 1122 parentis
1140 1041 1332 1104 contendit:
1354 1041 1402 1103 ibi

244 1223 247 1228 Ι
306 1142 481 1208 custodem
492 1159 600 1205 rerum
612 1138 751 1204 Achillis
762 1140 1026 1224 Hippodamiam
1039 1141 1275 1204 animadvertit.
1298 1141 1402 1205 Mox·

306 1265 373 1329 que
387 1243 533 1307 adventu
548 1241 623 1323 ejus
639 1240 786 1322 cognito,
801 1241 836 1303 in
849 1240 988 1304 eundem
1003 1241 1114 1304 locum
1129 1261 1151 1304 a
1164 1241 1295 1305 cunctis
1310 1241 1403 1305 duci-

305 1347 370 1410 bus
385 1341 610 1408 concurritur:
632 1340 732 1424 hique
746 1341 795 1404 uti
812 1339 957 1404 animum
972 1359 1105 1421 aequum
1119 1341 1266 1418 haberet,
1286 1341 1402 1424 depre-

306 1451 432 1510 cantur.
479 1442 566 1520 Quis
581 1442 724 1522 benigne
739 1441 956 1523 respondens,
977 1459 1041 1505 nec
1056 1441 1121 1505 sibi
1144 1443 1193 1506 ait
1214 1444 1401 1524 ignoratum

306 1544 528 1622 essaomnia,
539 1561 614 1626 quae
625 1542 787 1606 divinitus
799 1541 990 1619 confierent,
998 1541 1076 1605 forti
1087 1551 1221 1624 pectore
1232 1544 1401 1626 patienda,

306 1643 414 1729 neque
443 1645 600 1728 cuiquam
630 1642 861 1726 superlatum
888 1642 1021 1706 vivendi
1050 1661 1250 1707 concessam
1275 1645 1401 1726 legem:

306 1752 437 1829 turpem
459 1763 604 1828 namque
626 1763 666 1808 ac
687 1742 914 1808 detestandam
930 1743 1011 1807 uiris
1025 1742 1165 1807 fortibus
1180 1743 1402 1810 conditionem

307 1853 471 1926 seneetee3
492 1851 609 1914 contra
632 1844 821 1910 imbellibus
845 1843 1033 1927 optabilem.
1086 1841 1242 1908 Ceterum
1270 1846 1336 1908 sibi
1361 1865 1403 1910 eo

305 1948 465 2011 leviorem
479 1946 626 2012 dolorem
648 1965 736 2023 esse,
759 1946 850 2030 quod
875 1963 942 2008 non
966 1945 1001 2008 in
1024 1945 1214 2020 certamine,
1239 1965 1346 2029 neque
1367 1949 1403 2010 in

306 2047 384 2110 luce
408 2043 511 2111 belli‘¹
537 2046 687 2110 Achilles
710 2045 901 2110 interfectus
924 2052 1025 2120 esset,
1053 2063 1121 2127 quo
1145 2044 1315 2108 fortiorem
1340 2055 1401 2110 ne³

307 2153 444 2230 optasse
470 2147 603 2230 quidem
622 2164 811 2229 quenquam
833 2147 981 2209 existere
1006 2163 1106 2222 nuno,
1129 2147 1181 2210 vel
1205 2147 1239 2208 in
1263 2155 1404 2229 praeter-

306 2249 402 2326 itum,
424 2255 570 2331 excepto
592 2265 660 2310 uno
683 2245 742 2310 illo
769 2245 939 2309 Hercule:
992 2244 1099 2309 Addit
1122 2251 1282 2328 praeterea
1296 2249 1403 2314 solum

247 2361 250 2364 “
307 2347 417 2413 virum
440 2348 575 2430 dignum
597 2366 638 2410 ea
658 2351 869 2429 tempestate,
892 2346 956 2410 sub
971 2345 1068 2428 cujus
1082 2347 1236 2410 manibus
1249 2349 1403 2413 exscindi

306 2447 444 2532 'frojam
457 2448 609 2513 deceret:
630 2466 738 2531 neque
753 2455 864 2512 tamen
886 2448 1039 2524 abnuere,
1061 2445 1151 2528 quod
1174 2447 1402 2530 imperfectum

307 2569 329 2614 a
343 2556 438 2631 patre
451 2550 601 2614 relictum
615 2555 714 2625 esset,
730 2568 752 2612 a
766 2568 803 2612 se
817 2557 918 2631 atque
933 2568 955 2612 a
969 2549 1261 2612 circumstantibus
1273 2549 1401 2630 perlici.

308 2649 392 2731 [16.]
415 2649 598 2732 Postquam
623 2647 723 2712 finem
749 2649 910 2732 loquendi
930 2649 1024 2724 fecit,
1047 2649 1080 2711 in
1104 2649 1293 2730 proximum
1314 2649 1402 2714 diem

308 2757 476 2814 certamen
496 2749 767 2832 pronuntiatum:
790 2749 892 2813 duces
914 2769 1040 2824 omneS,
1063 2749 1120 2812 ubi
1143 2755 1272 2833 tempus
1292 2750 1401 2816 visum

309 2856 372 2924 est,
395 2849 497 2912 solito
514 2849 559 2913 ad
573 2847 854 2930 Agamemnonem
870 2857 1039 2914 coenatum
1054 2850 1206 2913 veniunt:
1227 2850 1402 2932 inquibus
1461 2879 1465 2884 ·

309 2947 403 3031 Ajax
417 2967 492 3012 cum
512 2948 747 3030 Neoptolemo,
773 2948 967 3028 Diomedes,
989 2950 1142 3032 Ulysses,
1157 2956 1190 3013 et
1205 2948 1401 3038 Menelaus:

309 3048 411 3130 hique
426 3049 510 3113 inter
525 3067 567 3133 se
580 3049 721 3112 eundern
746 3048 876 3116 locumf
893 3051 1047 3117 coenandi
1071 3052 1219 3134 capiunt.
1264 3050 1401 3115 Interim

799 3265 908 3316 NOTAE

309 3395 362 3442 lum
374 3392 539 3455 ultraquam
547 3392 590 3441 vix
599 3392 778 3444 duodecimum
790 3409 834 3442 an·
874 3407 933 3442 eum
955 3407 1003 3456 ego
1024 3394 1050 3442 in
1078 3392 1208 3458 profonda
1228 3393 1287 3442 neri
1309 3395 1401 3458 equali

309 3463 515 3531 numattigerut.
875 3467 980 3518 Adduxi
999 3483 1031 3518 ex
1051 3467 1134 3533 Scyro
1152 3467 1184 3516 ad
1204 3468 1268 3516 bene
1288 3476 1400 3518 armatos

343 3543 650 3608 *veterascentem
666 3543 835 3608 Lycomedes,
876 3542 1000 3593 Grecos!
1037 3543 1177 3607 Sophocles
1197 3543 1224 3591 in
1245 3542 1400 3599 Philocteta.

186 3659 190 3664 .
310 3633 356 3667 rex
367 3618 441 3678 Scyri
453 3617 561 3666 insulae:
579 3619 610 3666 ad
623 3633 681 3666 eum
697 3619 810 3668 Achilles
821 3633 836 3667 a
876 3618 952 3668 addit
961 3619 1120 3668 Phoenieem.

310 3697 394 3740 matre
406 3690 498 3740 missus
517 3697 554 3748 ut,
571 3692 638 3740 inter
655 3692 712 3754 ejus
723 3690 789 3740 filias
800 3692 836 3740 la·
915 3695 1058 3756 ‘inclytam
1085 3692 1197 3755 belluadt']
1228 3692 1398 3757 subanditur,

310 3774 376 3826 tens,
388 3764 500 3828 Trojano
513 3765 581 3815 bello
593 3779 643 3813 aon
655 3766 802 3815 interesset.
875 3768 966 3818 ‘arte’
983 3769 1025 3817 vel
1039 3767 1144 3818 ‘sama’

349 3839 563 3902 ismenem]
590 3839 628 3888 At
649 3839 777 3889 Homerus
797 3842 836 3891 ait
906 3841 1101 3905 *Inlecebaellil
1118 3842 1324 3907 Elegantissime.

310 3919 426 3982 Ulyssem
443 3917 551 3980 Scyrum
569 3917 678 3964 insulam
694 3917 834 3979 navigasse.
906 3925 917 3951 ⁶
937 3919 988 3967 Uro
999 3919 1039 3968 aa
1051 3917 1167 3980 Hercule]
1191 3917 1243 3966 liic
1258 3931 1309 3966 vox
1326 3917 1398 3966 ‘illo'

310 4003 340 4043 ut
348 3992 542 4056 indePyrrlrnm
551 3991 701 4040 adduceret.
716 3991 759 4042 Sic
767 3993 834 4040 enim
875 3994 991 4042 rnaxima:
1008 3993 1176 4056 emplrareos;
1192 3993 1220 4041 id
1237 4001 1287 4053 est,
1307 3993 1398 4044 ‘nobi-

312 4069 381 4132 spud
392 4081 451 4118 eum
460 4067 568 4131 Ulysees
578 4081 585 4114 :
596 4066 672 4116 sorte
682 4065 729 4130 γάρ
737 4085 777 4129 μιν
787 4069 835 4130 lyd
874 4066 987 4118 lissimo!

312 4143 395 4202 solans
403 4142 442 4192 tet
451 4142 505 4200 md:
516 4139 699 4202 doqs‘llyaycu
708 4143 736 4191 de
745 4141 835 4206 Σκύρου
905 4141 1124 4204 ‘Euadcmbcst
1135 4141 1177 4191 An
1185 4142 1269 4191 locum
1279 4141 1397 4197 solitum?

310 4218 361 4277 μα)
378 4217 512 4278 baiadus
527 4215 645 4279 Ἀχαιούς.
669 4217 748 4282 ‘lpse
766 4219 834 4270 enim
874 4231 906 4268 an
913 4216 1029 4268 diciteos
1036 4216 1144 4267 eandem
1152 4216 1268 4266 ordinem
1276 4217 1397 4278 tenuisse,
