3112 4950
434 846 959 1010 APPnnnlx.

550 1169 851 1182 Μ

73 1505 75 1518 ¹
178 1443 180 1448 .
309 1383 679 1474 simonius
729 1383 1110 1518 Anuopmr
1243 1425 1245 1432 ι

552 1621 833 1698 PRAEFATIO
1138 1531 1142 1540 ι

272 1844 315 1902 ΙΝ
347 1839 621 1902 ARGENTINAM
649 1837 883 1896 EDITIONEM
912 1835 1014 1898 ANNI
1037 1837 1124 1897 1691.

155 2288 319 2377 Drcrrn
335 2311 571 2376 ecnuuansnm
588 2307 786 2374 exhibemus
811 2309 887 2388 tibi,
910 2310 1035 2378 Lector
1061 2305 1245 2399 Benevole,

152 2432 242 2478 nova
256 2420 346 2480 veste
362 2415 633 2489 condecoratam,
641 2410 809 2494 talemque
818 2430 965 2493 prorsus,
977 2410 1089 2494 qualis
1101 2429 1147 2474 ex
1155 2407 1245 2476 Scri.-

153 2515 219 2580 niis
241 2516 379 2580 illustris
392 2517 467 2593 viri,
482 2513 623 2578 Unnrcr
648 2510 861 2594 anneum,
878 2514 973 2597 apud
988 2512 1247 2596 Argentoraten-

153 2637 210 2682 scs
231 2617 395 2682 Praetoris
417 2615 531 2699 Regii,
543 2613 675 2699 prodire
698 2613 832 2694 debuit3
864 2608 1247 2694 non'dubitantes,quiu

152 2719 241 2783 ultro
256 2719 319 2783 tibi
335 2738 412 2784 sese
434 2719 617 2803 probatura
631 2716 677 2782 sit
696 2716 771 2781 baec
790 2715 907 2794 editio.
951 2714 1140 2782 cumcuim
1154 2711 1248 2776 Auo·

152 2825 206 2884 tor
219 2820 274 2885 bic
288 2821 432 2905 plurima
446 2822 492 2885 sit
506 2839 630 2904 passus
642 2838 663 2883 a
676 2817 887 2900 librariorum
902 2803 1160 2904 mauuuuoruur
1168 2830 1247 2896 per-

108 2945 110 2948 ·
153 2921 214 2984 tim
234 2923 365 2988 incuria
386 2923 490 2988 illum'
503 2927 709 3006 corruperat,
723 2921 846 3004 partim
867 2921 1016 3000 inscitia,
1030 2937 1099 2984 uon
1114 2915 1248 2999 capiene

151 3021 236 3084 tium
257 3023 339 3104 styli
354 3041 374 3086 a
389 3042 452 3086 suo
464 3023 593 3087 saeculo
614 3021 820 3086 abhorrentis
837 3024 1009 3106 antiquum
1031 3021 1247 3106 gravitatem

151 3121 279 3186 factum
293 3121 369 3185 inde
382 3129 445 3198 est,
460 3131 499 3185 ut
513 3130 549 3184 et
562 3123 820 3185 existimationis
837 3124 903 3204 ipsi
924 3124 1047 3186 debitae
1067 3121 1248 3201 plurimum
1266 3159 1270 3168 ·

153 3222 328 3300 amitteret,
342 3228 379 3286 et
392 3241 576 3305 paucorum
591 3221 770 3286 admodum
788 3223 944 3286 manibus
964 3225 1131 3286 tereretur.
1177 3217 1248 3281 Ne-

154 3343 219 3408 que
243 3343 322 3390 vero
346 3323 415 3389 illis
440 3323 559 3400 solum,
581 3321 640 3386 sed
659 3327 694 3385 et
715 3320 852 3386 (luiticis
874 3342 940 3387 non
963 3341 1082 3406 parum
1105 3324 1156 3395 est
1175 3337 1248 3395 sua>

154 3425 254 3489 sortis
268 3424 361 3508 quod
384 3426 534 3508 imputet,
557 3423 717 3506 quicum
741 3423 873 3490 Msstos
899 3424 1044 3490 Codices
1066 3421 1246 3504 dissentire

152 3526 236 3591 inter
248 3544 287 3589 se
303 3525 593 3611 deprehenderent,
608 3543 702 3608 scope
716 3525 878 3592 veriorem
897 3527 1075 3592 lectionem
1088 3523 1139 3588 illi
1154 3528 1250 3607 post-

153 3634 347 3709 posuerunt,
362 3646 463 3712 quam
484 3627 583 3710 genio
608 3627 738 3704 saeculi,
760 3647 830 3711 quo
850 3626 894 3706 Q.
915 3627 1100 3712 Septimius
1120 3625 1248 3709 Dictyn

146 3728 385 3812 interpretatus
396 3746 470 3792 essa
481 3727 613 3805 dicitur,
625 3727 923 3794 convenientiorem
929 3728 1152 3814 judicabant:
1168 3726 1247 3805 Quo

153 3829 261 3914 magis
274 3829 324 3894 illi
339 3829 524 3912 optandum
536 3832 617 3906 erat,
625 3828 835 3894 utinvcuirct
845 3831 1026 3898 Patronum
1040 3831 1187 3912 aliquem
1200 3845 1248 3894 ex

154 3931 293 4015 reipubl.
307 3931 463 3996 literariae
475 3929 690 4008 Proceribus,
705 3933 765 4014 qui
777 3929 969 4000 reformaret
980 3933 1135 3998 habitum
1150 3947 1248 4000 omu-
1321 4005 1322 4012 χ

154 4037 288 4116 tumque
303 4033 389 4117 ejus,
404 4039 439 4098 ct
452 4034 496 4099 ab
509 4033 576 4098 boc
591 4033 746 4115 neglectu
759 4035 962 4102 vindicatum
983 4035 1123 4118 pristino
1144 4032 1247 4112 nitori

155 4133 377 4219 dignitatique.
393 4135 589 4200 restitueret.
634 4132 737 4212 Quod
763 4138 896 4220 quidem
916 4137 965 4201 illi
986 4135 1139 4220 contigit,
1153 4139 1247 4219 post·

156 4253 257 4319 quam
279 4237 342 4301 viri
362 4238 460 4303 istius
476 4235 609 4316 summi,
631 4255 720 4316 nunc
738 4238 988 4306 sublimioribus
1002 4236 1128 4315 admoti
1143 4237 1250 4316 cuns,
