3136 4948
451 387 500 434 nn
523 385 704 434 nrsronts
728 385 839 435 nsunt
862 385 1038 438 rnotnru.
1241 373 1286 440 28

196 529 262 593 sibi
276 528 472 612 prescripto
487 529 520 591 iu
534 527 654 609 vulgus
669 528 838 610 qnondam
860 531 952 595 exiit.
996 531 1130 616 Nempe
1152 528 1287 607 Suidus',

171 707 174 712 ,
195 629 218 693 J
220 630 368 692 ohannes
383 626 521 704 Mutela,
534 633 567 691 et
581 647 624 691 ex
638 648 678 691 eo
689 627 845 707 Tnetnos,
862 629 1044 707 Gedrenus,
1058 633 1191 715 aliique,
1202 651 1287 713 quos

197 729 371 811 videepud
383 728 526 792 leonem
543 726 704 792 Alletium
720 727 762 790 de
779 729 896 792 Putris
911 729 1055 794 Homeri
1068 731 1145 814 png.
1160 731 1213 795 63.
1224 735 1286 796 &e

197 849 237 892 eo
251 848 356 910 usque
368 829 466 892 nobis
482 829 683 910 praeiverunt
696 829 760 892 bac
786 830 832 892 iu·
844 831 1019 908 sententie,
1033 836 1072 894 nt
1085 831 1223 914 quidem
1242 827 1285 896 e'x

197 918 240 994 iis
252 931 351 992 etiem
369 929 549 992 Humerum
565 946 609 990 ex
631 928 689 990 illo
712 928 837 1011 Dietye
857 948 919 993 sue
933 929 1087 994 hausisse
1102 929 1287 995 affirmave-

196 1029 269 1092 rint.
313 1029 396 1092 lnde
422 1047 499 1110 ergo
523 1036 557 1092 et
579 1025 724 1092 Vossius
748 1028 850 1092 Pater
874 1030 909 1092 in
934 1030 1119 1096 Historiois
1144 1031 1288 1109 Graecis,

197 1117 585 1212 Scriptores'quos'dam
611 1129 714 1210 inque
734 1128 778 1192 iis
801 1129 889 1193 buno
913 1131 1049 1214 Dictyn,
1073 1131 1115 1196 ad
1143 1131 1290 1218 Trojen'e

196 1237 353 1312 tempora
366 1230 471 1293 refert.
516 1227 585 1292 Sed
608 1237 642 1292 et
663 1229 735 1292 Leo
751 1227 895 1294 Allatius
910 1231 1077 1296 Graeeulis
1100 1233 1186 1309 suis,
1200 1252 1289 1315 quos

197 1329 298 1392 modo
313 1329 507 1405 memoravi,
522 1329 620 1392 nimis
641 1329 777 1395 facilem
799 1338 859 1394 eut
881 1332 1054 1396 credulum
1075 1353 1112 1397 se
1133 1334 1289 1417 praebuit,

199 1431 394 1514 Dictynque
413 1431 502 1494 buno
532 1451 608 1496 vere
633 1433 788 1498 ‘Troicis
814 1437 1019 1519 temporibus
1051 1435 1236 1520 sequetem}
1258 1443 1291 1506 ot

134 1535 138 1544 “
199 1530 277 1595 ideo
291 1531 455 1608 ‘Italics’
478 1551 556 1614 quae
573 1533 709 1614 vulgata
724 1533 840 1598 Suidae
855 1535 955 1599 lectio
976 1537 1026 1601 illi
1046 1539 1171 1613 tribuit,
1187 1537 1291 1600 ‘seri-

198 1633 275 1696 bere
289 1651 354 1696 non
370 1633 541 1715 potuisse’
557 1635 739 1712 contendit,
755 1639 851 1698 ‘cum
861 1641 948 1700 'tnnc
963 1637 1093 1702 Italieae
1110 1657 1164 1702 res
1179 1636 1215 1701 in
1230 1637 1292 1701 obz

200 1733 451 1803 seuroessent?
557 1741 558 1746 ’

245 1850 284 1896 ιι.
307 1833 424 1899 Errare
436 1843 548 1902 autem
563 1855 625 1900 eos
641 1843 677 1900 ut
692 1843 834 1908 constet,
850 1836 1088 1902 ostendendum
1103 1837 1201 1902 nobis
1223 1838 1293 1920 pri-

200 1951 241 1996 us
254 1932 396 1998 Graeoos
411 1935 527 2016 bosco,
555 1939 615 2020 qni
630 1938 754 2021 Dietyn
780 1938 919 2002 subinde
938 1938 1089 2014 landant,
1106 1957 1171 2002 uon
1187 1935 1293 2002 ulium

200 2033 371 2113 habuisse,
387 2055 487 2118 quum
502 2039 601 2115 brino,
618 2039 675 2121 qui
699 2039 845 2103 Neronis
864 2047 1012 2122 tempore
1033 2038 1166 2119 fingitur
1178 2039 1294 2103 iuven*

201 2139 256 2200 tus
272 2137 308 2198 in
323 2136 492 2201 Cretensis
507 2146 604 2202 torres
620 2141 790 2222 sepulcro,
805 2148 840 2202 et
859 2159 904 2203 ox
926 2157 994 2220 quo
1021 2138 1205 2221 Septimius
1220 2140 1295 2221 qui·

201 2239 280 2302 dem
295 2233 450 2302 Latinam
465 2239 552 2302 bene
567 2236 769 2304 Versionem
782 2259 843 2303 sen
856 2239 1031 2322 Epitomen
1045 2240 1147 2302 nobis
1162 2241 1295 2304 concin-

203 2343 317 2400 natam
332 2337 476 2419 reliquit.
520 2337 694 2403 Posterius
708 2339 772 2402 boc
788 2347 906 2420 negant
919 2345 1029 2402 temen
1052 2359 1128 2402 cum
1144 2339 1212 2414 elii,
1226 2345 1295 2402 tum

176 2437 354 2502 ·Vossins
384 2438 418 2500 in
448 2436 636 2502 Historiois
664 2440 806 2516 Latinis,
837 2441 871 2502 in
896 2439 1083 2521 Septimio}
1119 2435 1294 2523 utrumque

204 2557 283 2603 vero
296 2537 320 2602 J
322 2558 372 2602 os.
391 2537 576 2615 Mereorus,
593 2540 740 2604 et'Annn
756 2539 867 2617 Fabri,
882 2541 916 2602 in
933 2539 1034 2604 Notis
1054 2539 1098 2604 ud
1115 2537 1294 2620 Prolognm

204 2639 307 2704 nostri
322 2638 484 2704 Auctoris
497 2646 530 2704 et
545 2640 588 2703 ed
611 2641 670 2704 lib.
688 2657 736 2704 ιν.
753 2659 829 2722 eep.
842 2641 896 2704 21.
942 2638 1040 2717 Quos
1054 2639 1122 2703 'ulii
1142 2638 1296 2721 plerique

206 2747 398 2822 sequuntur.
442 2739 515 2820 Ego
532 2760 611 2805 vero
626 2741 902 2824 neutiquemillis
924 2741 1100 2817 assentior,
1115 2747 1151 2802 et
1164 2747 1296 2804 contre-

204 2841 301 2918 rium,
313 2841 379 2904 nisi
394 2839 500 2915 fallor,
514 2841 655 2923 liquebit
669 2841 886 2906 clarissimum
900 2840 1083 2903 in'modum
1095 2857 1140 2902 ex
1153 2839 1207 2914 iis,
1218 2857 1296 2920 quse

207 2940 329 3005 dicem.
373 2940 473 3004 Prius
490 2949 602 3004 autem
618 2943 806 3016 ostendum,
816 2940 905 3022 quod
922 2942 1015 3023 prius
1030 2939 1141 3023 posui,
1157 2938 1297 3004 Graecos

205 3041 309 3105 modo
323 3047 525 3106 memoratos
543 3061 611 3106 non
635 3043 737 3106 ulium
760 3042 917 3106 babuisse
933 3049 992 3106 eut
1012 3041 1148 3105 novisse
1163 3039 1297 3125 Dictyn,

207 3163 309 3226 quam
323 3143 411 3206 bunc
426 3142 596 3226 Septimii.

252 3258 309 3316 tu.
334 3244 373 3307 ld
398 3235 475 3308 vero
496 3245 708 3307 menifestum
731 3263 775 3306 ex
795 3262 848 3320 eo,
861 3241 954 3325 qnod
979 3259 1076 3304 suum
1101 3241 1226 3324 Dietyn
1240 3259 1299 3322 ug-

207 3351 351 3408 noscunt
363 3344 480 3410 itidem
495 3350 643 3427 tempore
657 3345 791 3408 demum
803 3344 938 3408 Claudii
956 3342 1012 3406 vel
1028 3341 1175 3406 Neronis
1187 3343 1299 3406 inven-

144 3438 154 3446 ’
209 3452 291 3520 tum,
304 3451 338 3508 et
359 3443 473 3507 eodem
500 3445 635 3524 quidem
661 3444 773 3518 modo,
790 3463 857 3526 qno
878 3443 912 3519 id
936 3442 1031 3504 uobis
1052 3443 1163 3504 uerrut
1187 3439 1299 3522 Septi-

203 3545 309 3621 mius,
325 3543 455 3607 scilieet
470 3543 504 3604 in
528 3543 685 3624 sepulcro
707 3543 810 3619 illins,
829 3550 868 3607 ut
889 3543 994 3618 aiunt,
1010 3541 1164 3623 Dictyos,
1180 3548 1300 3624 aperto

209 3665 271 3728 per
295 3651 391 3710 terrm
412 3651 551 3720 motum,
575 3650 611 3707 et
637 3643 736 3708 isthic
756 3644 892 3726 quidem
914 3645 941 3704 ln
964 3639 1147 3726 nereurrpllep
1163 3640 1299 3728 κιβωτίῳ,

210 3750 269 3812 ‘in
289 3747 406 3811 ercule
428 3743 586 3810 stennon!
641 3745 698 3810 Itu
719 3753 803 3809 certe
833 3744 967 3822 Suides,
997 3747 1031 3810 et
1058 3743 1137 3807 lob.
1157 3743 1299 3819 Melete,

212 3863 313 3932 quem
327 3847 459 3923 videas‚'
479 3854 602 3911 etcum
617 3849 732 3912 Latini
747 3847 888 3932 Diotyos
903 3845 1057 3928 Prologis
1073 3842 1221 3908 conseres
1244 3861 1300 3906 ve·

212 3951 283 4026 lim,
297 3967 375 4032 peg.
390 3945 464 4012 168.
480 3955 516 4012 et
530 3951 676 4013 maxime
691 3969 768 4032 pag.
779 3950 855 4013 32⁶2.
929 3961 932 3968 '
1141 3945 1142 3952 '
1349 3944 1352 3948 ’

257 4065 308 4112 rv.
331 4047 421 4116 Nem
449 4049 540 4132 qnod
567 4052 630 4114 snb
653 4049 802 4114 Claudio
816 4047 954 4132 proprie
976 4048 1145 4111 inventum
1171 4041 1303 4109 trudunt

213 4169 313 4232 quem
342 4149 607 4232 Septimius-sub
640 4149 774 4215 Nerone
801 4151 863 4226 eit,
891 4145 926 4212 id
948 4153 1058 4212 ustum
1080 4163 1125 4209 ex
1146 4163 1197 4222 eo,
1210 4147 1303 4227 quod
