3136 4948
309 379 353 444 28
572 395 651 444 sno.
676 393 866 443 enarzonu
893 391 1144 444 nissunreuto

311 539 402 604 sicut
411 535 558 614 Helena,
572 537 694 601 fuerint
707 515 826 618 raptae,
846 540 883 600 et
903 533 979 598 ideo
1001 535 1129 616 potius,
1143 539 1303 616 tanquam
1318 534 1407 600 vilia

308 658 466 722 corpora,
478 641 514 704 in
534 639 724 703 seruitutem
745 636 916 702 videantur
937 635 1104 711 abductoe,
1119 635 1197 717 quis
1210 635 1285 698 haec
1301 637 1407 700 rerba

309 741 458 804 historiae
471 759 575 823 parce
591 739 678 804 adeo
694 737 864 820 exposita
887 737 985 800 aliter
1007 737 1187 818 acciperet,
1209 755 1309 818 quam
1326 735 1405 800 Me-

308 841 445 906 nelaum
457 840 566 904 luisse
580 842 691 904 animo
707 844 954 904 constomatum
970 838 1015 902 ob
1030 837 1194 920 injuriam,
1208 839 1309 920 quam
1324 857 1406 919 pas-

230 1015 233 1021 ,
309 961 358 1007 sae
372 941 493 1006 fuerint
507 961 548 1006 so
562 947 660 1023 raptu
674 941 824 1012 illustres
836 939 905 1003 illae
915 938 1088 1002 foeminei
1118 936 1164 1000 Et
1183 938 1284 1002 miror
1308 957 1405 1016 sane,

309 1041 391 1105 nihil
406 1058 542 1123 prorsus
563 1042 662 1104 isthic
678 1061 699 1104 a
715 1059 883 1122 quoquam
898 1057 940 1102 ea
954 1039 996 1102 de
1009 1057 1045 1101 re
1059 1043 1266 1102 annotatum·
1310 1038 1405 1102 Nam

310 1146 397 1206 carte
412 1142 512 1224 longe
526 1143 622 1206 aliter
635 1160 671 1205 se
686 1159 740 1204 res
759 1141 890 1218 habuit,
907 1145 941 1204 et
955 1140 1098 1205 Graecus
1112 1140 1169 1204 ille
1190 1137 1311 1222 Dictys
1335 1140 1406 1204 his-

309 1243 431 1306 toriam
446 1242 545 1318 hanc,
559 1241 626 1305 uon
648 1241 743 1306 aliter
755 1241 900 1324 quidem,
921 1240 979 1304 sed
999 1242 1172 1324 copiosius
1187 1245 1295 1304 tamen
1310 1259 1406 1305 enar·

308 1343 408 1421 ravit,
423 1341 502 1406 dum
517 1361 581 1406 non
597 1343 722 1422 omisit,
737 1349 775 1407 ut
786 1349 898 1407 noster
911 1342 1109 1424 Septimius,
1122 1334 1405 1422 circumstantias,

312 1461 359 1508 ex
381 1443 503 1525 quibus
524 1443 617 1508 illius
640 1442 817 1527 ‘injuriae’
838 1450 873 1506 et
898 1442 1218 1508 ‘consternationis’
1240 1443 1327 1506 ratio
1343 1463 1407 1526 ap·

310 1551 455 1628 pareret.
499 1542 600 1622 Nam,
626 1549 663 1608 ut
691 1563 736 1607 ex
766 1541 896 1607 Malela
923 1543 1079 1607 novimus
1100 1543 1160 1607 lin.
1175 1558 1212 1606 ν.
1233 1561 1312 1624 pag.
1328 1545 1405 1610 119.

293 1685 296 1692 -
311 1643 410 1709 Paris
424 1663 484 1728 per
498 1644 648 1708 AEthram
663 1653 697 1708 et
712 1643 892 1728 Clymenen
913 1644 1083 1726 ‘corrupit
1096 1643 1106 1670 '
1127 1642 1319 1728 (cenitense)
1333 1644 1407 1731 He·

310 1746 430 1824 lenam,
447 1751 479 1810 et
493 1747 541 1810 ita
565 1747 650 1810 ulho
673 1746 726 1810 hae
747 1745 905 1809 mulieres
919 1764 997 1809 cnm
1018 1745 1153 1810 Helena
1167 1745 1211 1810 da
1233 1745 1356 1810 Paride
1369 1748 1405 1810 in

307 1845 422 1928 togam
446 1865 485 1910 se
506 1846 679 1910 dederuut.
722 1845 816 1910 Hiuo
837 1845 908 1928 jam
930 1845 1022 1927 apud
1045 1844 1207 1910 Maletum
1236 1865 1313 1930 pag.
1329 1848 1405 1911 120.

312 1946 500 2024 Menelaus,
511 1965 585 2010 cum
597 1948 816 2011 intellexisset
829 1947 917 2010 hunc
930 1953 1063 2031 raptum
1078 1947 1249 2030 stingum,
1264 1949 1356 2012 stetit
1370 1953 1406 2012 et

310 2048 432 2110 mansit
446 2047 654 2130 aliquamdiu
682 2052 844 2130 ‘stupore
858 2047 1019 2112 defixus?
1039 2047 1112 2110 πολὺ
1133 2051 1194 2134 γὰρ
1216 2047 1332 2126 ἐλυπήθη
1356 2049 1405 2114 διὰ

309 2147 359 2222 miv
382 2143 496 2232 Alopes·
525 2144 555 2224 ἦν
578 2153 640 2233 γὰρ
665 2146 778 2234 ἔχουσα
798 2146 936 2224 ὑπόληψιν
960 2147 1026 2234 παρ’
1047 2152 1126 2234 αὐτῷ
1147 2148 1289 2237 σώφρονος
1310 2149 1404 2216 aiunt

309 2249 568 2314 ‘multumenim
592 2251 702 2314 auimo
728 2256 914 2314 commotus
937 2258 991 2316 est
1014 2252 1048 2314 iu
1063 2250 1257 2328 tristitiam,’
1270 2251 1406 2316 scilicet

309 2349 402 2422 irae,‘
409 2350 1035 2432 proptarAEthram:excitaveratenim
1046 2352 1106 2414 illa
1114 2352 1181 2414 sibi
1191 2352 1281 2434 apud
1290 2353 1403 2436 ipsum

310 2449 593 2512 existimationem
604 2451 752 2514 foeminae
768 2471 904 2534 prorsus
916 2461 1021 2517 castae
1034 2461 1069 2516 et
1083 2452 1219 2536 probae’
1240 2453 1402 2517 Videmus

309 2549 398 2625 hinc,
425 2567 528 2632 qnare
550 2550 600 2614 ita
622 2552 748 2615 ‘mul-to
777 2555 921 2634 amplius
940 2555 984 2617 ob
1005 2553 1159 2636 injuriam
1183 2573 1317 2617 suarum
1333 2553 1403 2617 affi-

310 2650 402 2714 nium
424 2651 674 2716 consternatus'
695 2655 793 2718 luerit
816 2653 1002 2731 Menelaus,
1022 2663 1090 2718 tum
1119 2673 1197 2737 quae
1220 2655 1281 2719 illa
1303 2656 1406 2719 inerit

310 2769 422 2825 earum
437 2751 600 2835 ‘injuria’
620 2755 764 2834 scilicet,
787 2776 853 2820 non
877 2775 978 2838 qnam
1004 2775 1116 2839 passm
1140 2776 1162 2819 a
1187 2755 1320 2832 Paride,
1340 2757 1403 2819 sed

311 2871 413 2934 quam
426 2851 574 2918 feceruut
597 2855 766 2934 Menelao,
782 2859 862 2924 dum
883 2857 1001 2928 furtivi
1016 2858 1138 2921 amoris
1152 2857 1238 2921 inter
1252 2857 1350 2922 Parin
1366 2868 1402 2921 ot

311 2952 477 3018 Helenam
492 2954 621 3019 suerunt
634 2957 844 3022 internuntiae
859 2965 891 3022 et
902 2959 1156 3032 conciliatrices
1168 2977 1208 3021 ac
1219 2944 1400 3037 deinalugae

304 3055 493 3138 adjutrice·
510 3063 545 3119 et
560 3060 708 3135 comites
718 3061 815 3142 'quod
828 3066 863 3124 et
878 3059 1023 3123 Ovidius
1037 3061 1071 3122 in
1088 3059 1249 3142 Epistolis
1266 3057 1400 3122 Paridis

315 3162 349 3220 et
363 3157 514 3221 Helenes
536 3158 624 3222 haud
649 3161 791 3224 obscure
813 3157 994 3242 significat,
1009 3159 1070 3222 sed
1085 3160 1182 3244 cujus
1197 3161 1324 3224 nullam
1346 3162 1401 3224 vel

303 3257 477 3322 minimam
504 3260 576 3323 suis
606 3260 787 3324 lectoribus
802 3260 928 3343 injecit
956 3259 1184 3341 suspicionem
1217 3250 1402 3343 Septimius

303 3363 431 3435 noster,
455 3361 693 3442 praemunisse,
715 3381 792 3444 quae
822 3360 866 3425 ad
888 3361 1036 3424 historie
1059 3369 1094 3424 et
1123 3361 1290 3446 ‘injuriae’
1311 3345 1401 3425 iltius

309 3460 533 3540 cognitionem
548 3465 745 3544 pertinebat,
771 3463 1019 3528 circumstantia
1039 3481 1179 3544 prorsus
1200 3463 1402 3540 necessaria,

308 3569 474 3642 quamquo
487 3561 565 3624 ideo
577 3561 719 3626 Graecus
736 3565 866 3648 Dictys,
881 3571 919 3628 et
933 3563 1083 3650 quicum
1098 3566 1193 3648 sequi
1208 3583 1246 3627 se
1265 3563 1402 3646 protite

308 3665 372 3738 tur,
389 3657 543 3738 Malaios,
557 3663 690 3730 minime
704 3665 875 3750 praeteriit.

302 3793 307 3802 ·
353 3773 426 3822 xri.
450 3758 489 3822 ln
504 3763 704 3842 quibusdam
720 3766 944 3833 temerantiam
960 3767 995 3830 in
1011 3767 1155 3843 diversa,
1165 3772 1204 3830 ut
1217 3763 1301 3842 dixi,
1314 3765 1402 3829 abiit

309 3879 331 3925 a
353 3865 470 3924 nostro
492 3859 656 3945 Septimio
672 3861 817 3931 Malelas
838 3865 913 3944 iste,
935 3874 1038 3950 atque
1059 3867 1191 3930 adeosi
1213 3867 1325 3930 omnia
1338 3885 1402 3930 sue

300 3981 354 4026 ex
390 3961 515 4044 Dictys
543 3965 672 4042 sumsit,
701 3965 805 4032 alium
828 3957 964 4050 oportet
981 3967 1141 4032 habuisse
1161 3985 1238 4030 eam
1263 3967 1401 4051 Dictyn,

307 4079 409 4148 qoam
433 4062 547 4129 habuit
568 4063 762 4146 Septimius.
807 4066 915 4132 Immo
929 4087 1008 4132 vero
1029 4085 1097 4133 non
1113 4085 1166 4132 ¹eu
1184 4066 1262 4130 solo
1275 4066 1403 4149 Diotye

301 4181 406 4230 eseam
431 4163 489 4232 ille
517 4165 761 4241 consarcinavit
781 4187 891 4232 rerum
910 4165 1134 4254 Trojanarum
1163 4165 1401 4244 uenationem,
