3112 4950
391 431 805 538 conuentus
868 465 1096 540 napos

484 655 747 721 sannosnro
771 654 944 722 carseo
969 655 1005 718 s
1032 603 1033 606 Ὺ

198 830 298 920 Con
315 859 422 922 multa
438 859 580 922 Athenis
597 859 843 934 studiosissime
859 879 1003 941 agerem,
1026 859 1138 923 inveni
1160 859 1292 924 histori-

198 977 251 1021 am
270 959 405 1022 Daretis
422 959 569 1042 Phrygii,
589 961 697 1042 ipsius
713 981 813 1024 manu
829 963 1000 1045 scriptam,
1023 969 1063 1025 ut
1076 962 1193 1026 titulus
1207 962 1295 1025 indi-

197 1067 266 1135 cat,
303 1062 468 1142 quamde
506 1061 638 1126 Graecis
664 1069 697 1126 et
724 1062 970 1146 Trojanismem
998 1065 1077 1127 oriae
1104 1063 1293 1127 mandavit-¹

198 1161 310 1240 Quam
333 1183 394 1246 ego
417 1183 546 1232 summo
572 1183 686 1226 amore
707 1165 919 1246 complexus,
944 1164 1104 1228 continuo
1129 1164 1293 1228 transtuli.

199 1263 264 1328 Cui
279 1265 360 1352 nihil
377 1264 600 1348 adjiciendum
612 1265 666 1328 vel
681 1265 927 1329 diminuendum
942 1263 1143 1328 reformandi
1156 1271 1168 1299 ²
1191 1283 1295 1328 causa

197 1367 331 1448 putavi,
345 1369 496 1450 alioquin
522 1387 596 1430 mea
618 1372 734 1450 posset
747 1366 863 1431 videri.
909 1365 1081 1448 Optimum
1102 1385 1179 1448 ergo
1203 1365 1296 1441 duxi,
1387 1359 1390 1366 '

198 1473 325 1532 vereat
341 1469 537 1550 simpliciter
553 1469 752 1550 perscripta,
775 1470 804 1531 si
820 1487 893 1532 eam
910 1467 1107 1531 adverbum
1118 1477 1132 1503 ³
1153 1469 1187 1532 in
1204 1467 1297 1531 Lati-

198 1569 337 1633 nitatem
355 1577 623 1645 transverterem,
633 1575 669 1632 ut
681 1569 830 1650 legentes
845 1587 1044 1650 cognoscere
1055 1576 1203 1651 possent,
1213 1589 1296 1650 qun·
1338 1635 1341 1641 ,

199 1670 300 1734 modo
322 1671 375 1734 hae
391 1690 442 1734 res
458 1675 562 1752 gestae
579 1675 709 1734 essent:
733 1678 841 1734 utrum
868 1671 972 1752 magis
998 1691 1077 1734 vera
1098 1670 1297 1745 existiment,

199 1791 277 1856 quae
301 1772 411 1836 Dares
435 1771 601 1853 Phrygius
624 1771 792 1834 memoriae
821 1771 1079 1847 commendavit,
1095 1772 1151 1854 qui
1176 1789 1237 1852 per
1262 1769 1297 1833 id

199 1879 334 1957 tempus
357 1873 444 1936 vixit
465 1880 498 1936 ct
521 1872 688 1947 militavit,
703 1891 771 1952 quo
794 1871 909 1936 Graeci
935 1870 1103 1954 TroJanos
1126 1890 1298 1953 oppugna·
1361 1950 1364 1957 Ι

199 1985 291 2054 rent;
307 1995 349 2038 an
364 1975 512 2038 Homero
526 1973 738 2048 credendum,
751 1973 808 2056 qui
823 1981 903 2056 post
913 1973 1040 2036 multos
1056 1971 1183 2037 annosb
1198 1979 1298 2036 natus

200 2083 263 2153 est,
280 2097 379 2160 quam
402 2077 523 2140 bellum
545 2075 610 2138 hoc
636 2083 767 2156 gestum
790 2073 929 2139 suisset:
955 2075 995 2138 de
1019 2095 1087 2156 qua
1106 2094 1140 2137 re
1157 2075 1297 2138 Athenis

194 2179 361 2264 judicium
377 2178 450 2254 fnit,
467 2197 542 2241 cum
565 2197 628 2259 pro
652 2178 793 2240 insanoc
819 2177 991 2240 Homerus
1006 2177 1192 2253 haberetur,
1207 2176 1297 2258 quod

178 2272 181 2278 ’
202 2279 294 2343 Deos
309 2301 384 2345 cum
398 2280 592 2343 homiuibus
608 2280 823 2361 belligerasse
839 2279 1033 2362 descripsit.
1055 2279 1122 2343 Sed
1138 2279 1298 2343 hactenns

160 2436 162 2440 .
198 2383 280 2446 ista.
327 2383 426 2447 Nunc
443 2382 486 2446 ad
503 2383 691 2465 pollicitum
705 2389 921 2445 revertamur.

661 2543 705 2561 eu
709 2543 839 2563 'NOOONO

237 2655 250 2698 l
268 2647 361 2710 Delph.
373 2646 414 2708 qni
424 2647 449 2694 rt.
462 2646 494 2693 G.
507 2661 526 2694 e.
541 2645 568 2694 Τ.
579 2660 610 2692 m.
622 2645 805 2703 commendatur,
815 2657 873 2691 cunr
884 2645 931 2693 hae
942 2650 1016 2692 nota:
1037 2651 1043 2674 ¹
1055 2644 1085 2692 ld
1096 2651 1150 2693 est:
1168 2645 1210 2708 qui
1222 2661 1300 2708 super
1378 2665 1382 2672 ·

206 2713 282 2762 rebus
295 2711 394 2761 Granis
407 2719 434 2758 et
445 2711 562 2772 'l'rojanis
574 2709 720 2771 posteritati
733 2708 993 2758 commerrdstrrr.’·-2
1011 2710 1107 2772 Delph.
1118 2710 1153 2758 rei
1157 2709 1299 2775 sonnanrlae,

203 2787 230 2828 et
242 2793 300 2826 mox
312 2777 450 2826 hebetasse
461 2784 522 2824 ente
531 2774 615 2837 puerit.

700 2855 806 2904 NOTAE

235 2963 247 2987 ³
264 2953 293 3002 Si
304 2953 511 3017 romanaerium]
530 2951 627 3001 ‘Earn’
638 2966 730 3014 nempe
803 2951 869 3000 ‘De
888 2965 933 3013 qna
951 2965 978 2998 re
996 2951 1096 2999 Athenis
1109 2949 1227 3010 judiciam
1241 2950 1303 3012 snit,

204 3027 375 3088 ‘historiam'
391 3029 524 3088 superiora
541 3027 596 3088 illa,
612 3027 731 3076 ‘rereet
771 3043 824 3076 carn
846 3041 889 3090 pro
915 3027 1009 3090 insono]
1043 3027 1086 3074 lta
1107 3027 1155 3075 hoc
1177 3027 1300 3088 scriptum

204 3105 356 3168 simpliciter
387 3102 548 3166 perscripta,'
578 3111 637 3152 snut
664 3103 733 3151 sexti
773 3111 823 3163 est,
845 3111 875 3152 ut
893 3102 1028 3166 indequis
1047 3102 1195 3150 existimare
1212 3104 1302 3164 possit,

204 3195 295 3230 casus:
314 3179 391 3228 series
403 3185 453 3239 est,
462 3178 586 3239 optimum
595 3177 666 3238 duxi,
675 3191 732 3226 curn
774 3179 883 3228 Athenis
895 3179 955 3228 olim
967 3179 991 3225 in
1000 3177 1100 3240 judicio
1113 3183 1197 3224 actum
1213 3177 1301 3237 fuisse,

184 3279 186 3282 ·
205 3273 237 3307 ea
253 3255 358 3305 historia
377 3269 438 3303 vere
455 3263 482 3301 et
504 3253 656 3315 simpliciter
675 3267 733 3314 per·
775 3254 899 3303 Daretine
916 3254 1003 3316 potius
1023 3267 1054 3300 an
1068 3251 1181 3300 Homero
1196 3253 1303 3302 creden.

206 3335 359 3399 scriptasit,
371 3334 393 3382 si
405 3347 460 3382 eam
472 3333 498 3380 in
512 3331 628 3380 Latinum
641 3345 734 3378 sermo·
775 3330 835 3378 dum
868 3327 947 3384 foret,
975 3327 1062 3388 ibique
1091 3326 1231 3375 Homerum
1256 3343 1301 3391 pro

205 3419 464 3462 nemconverterern·
775 3405 863 3454 insano
891 3409 1019 3452 exactum.
1064 3401 1140 3452 Quod
1172 3402 1228 3463 quis
1258 3418 1303 3452 uu.

237 3483 570 3551 '‘Quiportmrrltoscnaos]
595 3481 636 3530 De
655 3487 734 3530 atate
776 3495 852 3545 qrrnm
865 3479 981 3528 audivit!
1016 3475 1098 3540 Atqui
1115 3491 1166 3524 non
1178 3477 1241 3526 illud
1259 3493 1302 3526 vo·

206 3564 315 3616 Homeri
326 3565 389 3613 mire
400 3569 502 3612 veteres
513 3559 678 3608 dissentiunt.
700 3559 735 3607 Et
774 3555 823 3604 luit
832 3556 935 3617 ineptus
946 3553 1075 3616 scriptnr;
1100 3552 1146 3601 sed
1163 3552 1226 3602 illud
1246 3561 1302 3602 tan-

205 3657 293 3692 eorum
307 3639 419 3690 omnium
430 3637 564 3701 opiniones
576 3627 683 3690 referre,
696 3636 734 3682 ni·
776 3640 839 3694 tum,
850 3631 930 3680 fnisse
942 3630 1002 3678 olim
1015 3629 1133 3690 Athenis,
1151 3629 1194 3692 qui
1208 3629 1303 3678 Home·

206 3719 254 3768 mis
265 3721 369 3780 longum
381 3723 459 3764 esset.
483 3715 540 3776 Ego
551 3712 670 3762 existimo
679 3727 734 3760 cor·
775 3725 830 3758 rnnr
846 3709 953 3760 stultum
971 3707 1127 3770 judicarent,
1143 3706 1211 3770 quod
1233 3709 1303 3756 Deos

206 3795 310 3844 tissimis
322 3791 480 3854 argumentis
492 3789 576 3838 evinci
593 3801 677 3851 posse,
688 3785 734 3836 fln·
776 3800 833 3837 curn
843 3783 984 3834 horninibus
997 3790 1141 3846 pugnantes
1153 3782 1303 3843 induceret;

206 3873 288 3921 ruisse
309 3871 379 3920 illum
401 3868 471 3917 circa
492 3863 674 3928 Olympiadem
693 3868 733 3913 2⁰.
775 3870 803 3912 et
816 3863 952 3911 Platonem
964 3859 1095 3919 intelligit,
1108 3857 1194 3922 quide
1206 3857 1302 3913 Home-

208 3957 326 4010 ternpnre
345 3945 420 4006 regis¹
432 3944 526 3994 Numae
547 3945 604 3990 488.
629 3939 735 3990 circiter
776 3941 925 4004 roiniquum
934 3937 996 3985 illuri
1000 3936 1127 3999 judicium
1138 3936 1206 3984 tulit.
1221 3934 1303 4000 Aqrro

208 4024 281 4073 annis
299 4029 358 4086 post
374 4019 477 4082 'frojam
497 4024 610 4081 captam,
630 4024 657 4065 et
676 4025 735 4065 ante
777 4019 819 4068 alii
832 4017 924 4066 merito
940 4013 1121 4075 dissentientes
1139 4011 1305 4076 affirmarunt,

208 4093 650 4150 Christumnatnm693.etitanlirn
663 4099 737 4156 pater
777 4095 857 4143 solum
870 4091 1012 4140 Homerum
1030 4094 1075 4136 ant
1091 4087 1185 4138 vidisse
1203 4097 1248 4138 ant
1264 4105 1304 4138 os·

208 4190 291 4236 mens,
309 4177 335 4224 in
353 4175 440 4226 libello
462 4172 573 4234 Gallico,
593 4169 625 4224 tie
646 4169 736 4220 Poiitis
777 4165 994 4220 tendisseforntas
1006 4163 1128 4216 Deorum.

210 4253 319 4304 Graecis.
