3152 4950
460 367 509 414 nn
532 333 652 414 annno
676 365 848 426 recturo
872 365 944 412 utu.
968 365 1004 412 v.
1208 351 1275 430 255

183 529 279 594 quem
295 515 376 591 post
386 505 570 580 Alexandri
584 507 755 570 interitum
765 503 906 572 nenne
917 507 1162 574 namium
1175 508 1272 572 inter·

183 611 331 692 cepisse,
341 627 443 692 supra
455 607 641 683 docuimus,
650 605 1100 691 exsectisprimoattrihns,¹¹¹
1115 609 1273 676 brachiis·
1358 673 1362 678 .

183 729 249 794 que
265 711 399 788 ablatis,
409 709 527 772 deinde
542 709 694 786 naribos,
707 703 964 791 adpusbamurtt
980 715 1168 774 truncatum
1183 711 1271 774 omni

182 831 227 875 ex
241 817 348 895 parte,
369 810 598 892 foedatumque
613 825 742 874 ammo
755 810 918 888 cruciato,
932 809 1042 874 necat.
1076 809 1163 872 Dein
1178 809 1271 895 Pria-

181 931 270 976 mum
287 909 549 992 Neoptolemus,
562 909 636 972 sine
653 908 722 974 ullo
737 901 854 974 aetatis
868 913 967 992 atque
980 909 1118 974 honoris
1135 909 1271 988 dilectu,
1340 953 1341 959 ι

182 1011 371 1076 retinentem
385 1018 532 1092 utraque
541 1009 666 1074 manu⁸
691 1015 811 1074 araml
826 1009 969 1094 jugulet.
1014 1011 1171 1076 Ceterum
1187 1010 1272 1076 Gas-

182 1111 342 1176 sandraar
352 1109 445 1192 Aiax
461 1108 571 1174 Oilei⁰
592 1131 612 1174 e
629 1125 729 1174 sacro
743 1101 904 1175 Minervae
917 1112 1086 1194 captivam
1103 1112 1271 1177 abstrahit.

181 1209 264 1294 [te]
286 1206 366 1274 Hoc
381 1209 481 1274 modo
497 1209 680 1274 consumtis
694 1227 769 1274 com
784 1211 921 1276 civitate
935 1213 1097 1290 barbaris,
1111 1213 1271 1282 delibera-

180 1309 230 1376 tio
244 1309 326 1382 inita
339 1328 438 1394 super
448 1310 500 1372 his
511 1310 568 1392 qui
582 1309 626 1373 ab
638 1307 869 1375 Deorum-aris
884 1313 1047 1376 auxilium
1059 1313 1138 1378 vitae
1152 1313 1270 1396 implo-

179 1419 354 1476 reserant:
377 1411 612 1494 decretumque
627 1412 669 1474 ab
685 1413 851 1490 omnibus,
864 1413 916 1476 uti
930 1431 987 1495 per
1002 1413 1070 1477 vim
1085 1413 1195 1478 avulsi
1210 1432 1266 1476 ne·

183 1517 359 1592 careatur:
396 1505 629 1582 tantaedotm
650 1511 795 1593 injuriae,
816 1519 850 1576 et
876 1514 921 1576 ob
942 1511 977 1576 id
999 1514 1143 1578 studium
1164 1515 1271 1577 estin,

180 1611 301 1694 guendi
323 1611 462 1694 Trojani
482 1611 627 1674 nominis
652 1611 846 1677 incesserat.
891 1613 948 1678 lta
962 1614 1196 1698 comprehensi
1211 1616 1269 1696 qui

181 1713 363 1780 cruciatum
386 1709 559 1794 predicte
586 1712 695 1774 noctis
720 1713 987 1795 subterfugerant,
1010 1714 1212 1796 trepidantes
1227 1734 1268 1778 ac

180 1813 255 1876 vice
269 1829 425 1896 pecorum
440 1803 687 1898 interficiuntur.
732 1812 830 1889 Dein,
844 1831 936 1877 more
957 1814 1045 1892 belli,
1068 1833 1127 1896 per
1146 1815 1269 1896 templa

180 1929 219 1976 ac
236 1913 412 1978 semiustas
428 1913 546 1976 domos
568 1912 742 1995 populatio
757 1931 865 1976 rerum
880 1913 1038 1996 omnium,
1061 1919 1096 1977 et
1116 1931 1174 1996 per
1196 1912 1268 1975 dies

179 2011 350 2094 plurimos,
372 2032 412 2076 ne
438 2014 515 2095 quis
537 2012 684 2078 hostium
708 2013 876 2091 evaderet,
900 2015 1044 2078 studium
1066 2013 1268 2096 inquirendi.
1296 2055 1302 2065 ι

181 2111 317 2176 Interim
340 2113 384 2176 ad
405 2112 687 2178 coacervandum?
710 2114 780 2178 artri
807 2119 908 2196 atque
930 2114 1052 2196 argenti
1075 2114 1266 2180 materiem⁹

632 2303 813 2328 OOMOMN&

179 2415 275 2502 Delph.
287 2434 550 2500 prepositionemod,
567 2448 640 2502 quam
658 2439 784 2516 Vindium·
803 2440 879 2516 plane
898 2439 1033 2489 delendam
1052 2447 1137 2504 putat
1171 2435 1266 2492 ‘Aram

180 2503 247 2550 enim
259 2502 399 2565 supplices,
411 2501 464 2550 sive
477 2509 564 2564 postes
575 2502 692 2551 altarium
695 2503 786 2568 ,qnasi
805 2505 831 2552 in
848 2505 919 2568 asylo
936 2503 1015 2552 futuri
1018 2505 1269 2568 ,amplectebantuq

179 2572 209 2614 ut
228 2573 337 2630 apparet
354 2579 394 2617 ex
406 2579 465 2628 cap.
485 2579 538 2628 seq.
539 2565 597 2615 ’-9
612 2567 707 2630 Delph
727 2568 905 2617 materiam—t
924 2566 994 2617 Ante
1012 2573 1142 2632 opportuna
1162 2570 1267 2618 exhibet

669 2741 776 2792 NOTAE

178 2836 308 2905 Deiphobi
327 2842 355 2885 et
374 2837 481 2888 Helenae
500 2838 601 2888 domurn
616 2853 702 2888 ascen·
742 2855 792 2905 que
810 2855 908 2892 comam
927 2843 1002 2902 lava,
1019 2840 1162 2906 dextraque
1181 2855 1267 2892 eorus·

140 2961 141 2971 ,
178 2913 264 2968 disse:
290 2911 369 2979 Αὐτὰρ
388 2913 508 2972 Ὀδυσσῆα
525 2913 594 2978 προτὶ
610 2913 703 2975 δόματα
742 2929 799 2966 cum
821 2918 921 2966 Extulit
940 2917 1061 2968 aelateri
1082 2919 1266 2980 capulotenus

178 2985 308 3048 Δηϊφόβοιο
319 2985 427 3050 uipera,
437 2986 505 3046 lori*
504 2994 578 3051 quu,
585 2987 630 3036 σὺν
639 2988 703 3038 ἀντι
741 2991 840 3042 abdidit
851 2992 958 3044 ensem!

178 3061 222 3111 θέω
233 3059 354 3122 Μενελάῳ
386 3061 452 3112 ‘Sed
471 3064 588 3134 Ulyssem
608 3063 640 3112 ad
660 3065 703 3114 do·
773 3069 959 3118 ‘’caesuadrom
969 3065 1036 3130 Aiax
1048 3067 1111 3116 Oilei
1113 3067 1183 3132 wic]
1195 3067 1226 3113 V·
1220 3083 1266 3130 ug.

177 3151 247 3185 mum
259 3135 391 3200 Deiphobi
402 3129 559 3186 Ascendisse
562 3144 702 3202 ,tauquam
742 3155 774 3190 ιι.
786 3143 843 3193 AEu.
860 3145 948 3193 Ecce
959 3141 1108 3192 trahebatur
1116 3157 1199 3204 passrs
1208 3139 1266 3191 Prr

178 3211 300 3274 Martem,
312 3225 370 3274 cum
382 3213 484 3264 eximio
487 3211 630 3261 Menelao!
743 3218 826 3266 amaia
836 3217 908 3279 virgo
919 3215 1043 3266 Crinibus
1059 3231 1074 3264 a
1093 3216 1189 3278 templo
1204 3217 1266 3266 Cas·

209 3247 355 3336 attractis
365 3288 441 3348 priato
451 3284 559 3350 meme]
575 3270 646 3350 vng'.
658 3287 704 3336 lib.
741 3291 845 3352 sendra,
861 3290 997 3354 adytisque
1014 3289 1150 3351 Minervae,
1162 3289 1203 3340 Aa
1216 3306 1267 3346 rue·¹

176 3375 215 3411 vr.
236 3361 343 3424 ‘Atque
353 3361 395 3411 hic
407 3362 565 3425 Priamiden,
582 3364 703 3412 laniatum
741 3366 794 3414 lom
805 3363 913 3415 tendens
925 3362 1043 3412 ardentia
1054 3363 1150 3413 lumina
1161 3362 1266 3428 irrrstra,

176 3448 286 3498 corpore
297 3441 353 3484 toto
354 3436 534 3498 ,Deiphobum
546 3436 623 3497 vidit,
636 3437 705 3486 lace·
742 3439 858 3500 Lumina,
867 3452 926 3486 nam
938 3444 1040 3486 teneras
1049 3437 1266 3488 arcebautvincu

176 3523 233 3560 ram
255 3507 394 3558 'crudeliter
412 3523 466 3572 ora,
488 3509 543 3558 Ora
561 3525 703 3575 manusque
742 3511 892 3574 tapatmasss

177 3585 275 3646 ambas,
293 3583 466 3648 populataque
485 3591 603 3648 tempora
622 3587 704 3649 raptis
764 3565 1123 3653 siumeuroaemensium]
1134 3561 1265 3652 luoppcr·

176 3655 300 3726 Auribus,
307 3665 334 3708 et
343 3664 446 3708 truncas
456 3651 718 3710 tnhcuestcvolnere
742 3663 810 3720 tanis
831 3663 894 3712 locis
914 3663 1030 3726 dispositi
1048 3661 1122 3713 fuere
1144 3665 1265 3715 custodes

177 3736 271 3786 nares!
297 3735 371 3785 Solus
383 3736 468 3784 Dares
479 3735 576 3799 scribit,
589 3737 701 3803 Deipho-
741 3737 865 3802 quitimul
875 3737 978 3786 divitias
988 3746 1130 3801 servarent,
1135 3741 1184 3787 dcc.
1193 3740 1265 3800 Virg.

176 3811 237 3860 bum
249 3823 264 3860 a
276 3808 450 3875 Palamedem
464 3825 550 3874 pugna
559 3813 680 3862 occisum.
740 3813 819 3862 ‘Et
807 3826 861 3876 yatrr
881 3811 1021 3876 porticibus
1039 3813 1136 3875 reatris,
1154 3812 1264 3862 Junonis

209 3892 221 3917 ¹¹
237 3883 313 3934 Aram
326 3884 434 3948 tamur]
453 3885 527 3934 Prius
544 3886 632 3936 occiso
648 3887 699 3936 Po·
740 3890 819 3952 asylo,
829 3888 953 3940 Custodes
963 3889 1026 3937 lecti
1035 3887 1145 3937 Phoenix
1156 3895 1183 3936 et
1195 3887 1265 3936 dirus

176 3957 280 4026 lite,in
304 3959 384 4022 ipsius
411 3959 526 4022 parentis
548 3969 699 4025 conspeetu.
739 3965 845 4028 Ulysses
865 3963 984 4014 Praedam
1005 3961 1186 4012 asservabant:
1213 3963 1263 4012 huc

176 4033 353 4094 VirmnAEn.
370 4033 699 4098 ιΗιιιιὶἰιειιι,ιιΙιιιιίιιιιιΙ
739 4040 851 4104 undique
866 4040 942 4088 'l'roia
958 4052 1021 4102 gaza
1038 4029 1155 4086 incensis
1173 4044 1267 4100 erepta

176 4108 235 4170 ipsa
250 4115 402 4158 trementem
418 4110 519 4172 Traxit,
531 4119 558 4160 et
575 4111 601 4160 in
620 4115 701 4162 ntulto
722 4111 723 4114 ’
740 4113 831 4178 adytis,
843 4104 1118 4176 mensaqueDeorum
1129 4114 1262 4163 crateres-

176 4185 318 4248 lapsantem
336 4187 459 4250 sanguine
474 4189 542 4251 nati,
559 4189 701 4252 Inplicuit·
740 4203 790 4254 que
812 4203 875 4240 auro
901 4188 985 4250 solidi,
1005 4189 1158 4254 captivaque
1182 4190 1262 4242 vestm
