3112 4950
439 379 487 426 nn
513 378 643 427 uxum.
666 377 792 426 rnors
816 375 965 428 ursrou.
1179 361 1244 428 388
1360 337 1364 344 ’

155 519 402 586 Penthesileam
418 520 616 585 obtruncat.e
637 517 689 584 Eo
704 517 796 584 iacto
810 523 914 584 totum
929 520 1111 584 exercitum
1126 519 1243 603 Troja·
1332 553 1335 563 ι

152 640 269 685 norum
279 622 313 686 iu
323 621 437 684 urbem
448 621 551 703 fugat.
586 617 706 701 Argivi
720 637 797 682 cum
811 619 963 684 exercitu
979 622 1106 683 murum
1118 621 1245 684 circun-

153 721 244 799 dant,
257 729 296 786 ut
310 721 401 786 foras
417 720 555 803 Trojseni
567 721 658 784 exire
673 739 740 784 non
753 725 902 803 possent.
946 718 1028 804 [32]
1050 719 1137 784 Haec
1152 728 1245 804 post-

153 840 255 905 quam
265 821 403 905 Trojani
415 820 577 899 viderunt,
589 819 750 897 Antenor,
760 819 973 903 Polydamas,
983 821 1110 885 AEueas
1119 821 1161 884 ad
1172 821 1246 884 Pri·

152 939 262 986 amum
272 922 420 987 veniunt.
447 920 561 1003 Agunt
571 941 648 984 cum
660 941 713 999 eo,
726 927 764 986 ut
775 920 955 986 concilium
970 927 1081 998 vocet,
1090 921 1131 985 de
1141 921 1245 985 fortu-

151 1022 205 1085 nis
217 1021 287 1086 suis
300 1021 379 1105 quid
392 1021 435 1084 sit
449 1019 650 1084 faciendum.
695 1019 850 1084 Priamus
866 1021 1044 1084 concilium
1057 1027 1221 1085 convocat
1235 1039 1243 1083 ε

151 1113 479 1204 ἰΗί,’ροεῐιι1ανεηιῃι
503 1119 667 1202 loquendi
689 1119 885 1184 facultatem
899 1119 993 1186 dari:
1009 1119 1110 1203 jubet
1134 1119 1244 1184 dicere
1279 1193 1282 1202 ,

151 1238 213 1284 eos
227 1221 310 1304 quid
325 1220 527 1285 desiderent.
571 1217 721 1283 Antenor
735 1224 982 1296 commemorat,
1002 1218 1171 1302 principes
1185 1218 1245 1284 de·

149 1318 302 1386 tonsores
327 1320 439 1403 Trojae
466 1319 651 1383 Hectorem
674 1323 870 1401 ceterosque
886 1324 987 1382 natos
1002 1318 1075 1402 ejus
1090 1337 1167 1383 cum
1181 1318 1242 1383 ad·

149 1421 245 1486 venis
268 1420 463 1486 ductoribus
485 1419 675 1484 interfectos
697 1437 792 1499 esse;
813 1437 952 1502 magnos
978 1419 1244 1502 fortissimosque

150 1520 264 1596 adhuc
280 1529 397 1586 contra
417 1527 519 1598 stare,
545 1507 842 1602 Agamemnonem,
867 1519 1069 1597 Menelaum,
1094 1518 1245 1602 Neopto·

149 1622 286 1698 lemum,
309 1640 373 1685 non
397 1621 504 1685 minus
521 1620 639 1684 fortem
654 1640 756 1704 quam
779 1627 875 1703 pater
894 1619 966 1703 ejus
987 1619 1121 1697 fuisset,
1137 1619 1243 1704 Ulys-

150 1740 234 1798 sem,
260 1721 448 1800 Nestorem,
473 1721 680 1796 Diomedem,
705 1719 845 1802 Ajacem
864 1719 1020 1795 Locrum,
1042 1727 1241 1801 ceterosque

150 1822 375 1906 quamplures
395 1837 534 1885 summae
556 1817 753 1899 prudentiae.
798 1815 933 1894 Contra,
957 1817 1126 1900 Trojanos
1150 1818 1244 1881 clou-

148 1941 207 1988 sos
221 1927 256 1986 et
276 1920 438 1985 contritos
459 1935 546 1981 esse.
588 1917 713 1982 Suadet
736 1918 860 2001 potius,
882 1925 919 1983 ut
946 1909 1105 1984 Heleuad'
1122 1919 1188 1997 his,
1210 1925 1245 1984 et

148 2039 226 2106 quae
241 2017 435 2082 Alexander
447 2016 587 2082 abstulit
600 2015 789 2094 reddantur,
804 2023 838 2082 et
851 2037 922 2100 pax
937 2019 1005 2084 fiat.
1056 2019 1241 2102 Postquam

146 2121 253 2186 multa
267 2119 372 2185 rerba
393 2118 434 2182 de
456 2135 541 2200 pace
565 2117 776 2182 concilianda
790 2118 962 2196 dixerunt,
979 2121 1086 2201 surgit
1100 2119 1243 2202 Amphi·

149 2220 290 2286 machus
319 2219 411 2283 tilios
437 2217 588 2282 Priami·
611 2217 806 2282 adolescens
831 2218 1053 2284 fortissimus:
1075 2219 1240 2302 malisque

150 2323 263 2387 verbis
277 2320 411 2384 adortus
425 2325 478 2383 est
491 2317 701 2395 Antenorem,
723 2325 758 2383 et
772 2337 832 2383 eos
846 2321 904 2402 qui
921 2324 1170 2396 consenserant,
1192 2317 1242 2382 in-
1300 2356 1304 2360 -

148 2417 306 2504 or'epare,f
316 2420 473 2500 factaque
487 2438 598 2484 corum
610 2420 724 2502 coepit,
740 2425 774 2484 et
788 2420 924 2484 suadere
938 2419 1053 2502 potius
1068 2418 1242 2482 exercitus

146 2521 364 2604 irruptionem
379 2519 416 2598 in
430 2526 544 2582 castra
564 2520 682 2597 lacere,
695 2539 799 2602 usque
812 2519 889 2583 dum
905 2519 1068 2597 vincant*
1088 2524 1145 2583 aut
1158 2517 1242 2582 victi

147 2637 210 2702 pro
224 2619 335 2700 patria
350 2618 562 2681 occumbent.
589 2618 777 2700 Postquam
788 2618 819 2683 is
831 2619 928 2682 finem
938 2619 1031 2696 fecit,
1043 2619 1172 2682 AEneas
1183 2635 1242 2679 ex·

148 2719 265 2801 surgit,
281 2716 411 2781 leuibus
426 2717 633 2800 milibusque
650 2719 760 2783 verbis
775 2719 906 2796 refutat,
922 2737 1042 2801 pacem
1053 2720 1096 2782 ab
1105 2716 1241 2798 Argivis

149 2819 221 2903 peti
248 2823 472 2902 magnopere4
499 2817 627 2884 suadet.
685 2818 767 2902 iffi]
790 2819 976 2904 Postquam
1003 2819 1080 2884 finis
1106 2815 1240 2881 dicendi

601 2979 784 3002 0000000000Ιο

181 3089 197 3119 ·
215 3088 292 3151 Usque
302 3103 325 3138 r.
336 3088 484 3152 ncipit-4
500 3090 592 3152 Magno
602 3105 672 3154 opere
684 3093 781 3158 Delpir.

639 3250 750 3302 NOTAE

181 3352 192 3378 ⁸
209 3345 382 3396 Penthesileam
400 3342 535 3407 oltnmrrt]
558 3343 611 3394 sed
630 3346 674 3396 alii
713 3343 995 3411 Ἐλένηνδόμυωεανθΰ
1005 3347 1129 3412 Μενελάῳ,
1142 3349 1150 3379 ‘
1161 3350 1239 3402 Filios

148 3433 237 3474 omnes
252 3437 307 3471 rem
325 3421 358 3471 nb
376 3421 477 3492 Achille
504 3421 614 3472 occisam
636 3421 674 3471 di·
714 3423 861 3474 Antimaclri
888 3426 1023 3488 sapientis,
1059 3426 1104 3490 qui
1128 3427 1240 3477 maxime

149 3505 221 3550 cunt.
252 3496 318 3546 Vide
329 3495 398 3558 apud
410 3497 516 3558 Dictys.
715 3499 813 3549 Aurum
824 3497 965 3548 Alexandri
977 3500 1093 3563 capiens,
1103 3501 1240 3562 splendida

182 3573 195 3608 ⁶
209 3571 298 3622 &aaa
307 3569 592 3634 potiuutldeleuumc]
609 3569 676 3620 vtde
715 3573 791 3636 dona,
800 3574 861 3624 Non
870 3572 1035 3636 permittebat
1046 3573 1173 3624 Helenam
1181 3572 1240 3625 red·

149 3647 219 3713 apud
231 3647 337 3710 Dictys.
716 3647 778 3698 dere
790 3647 848 3697 rufo
857 3647 997 3698 Menelao!

183 3721 296 3784 ⁸dsrgit
305 3719 558 3785 Anptiuorlnrflliru
568 3719 674 3786 Priores]
746 3721 805 3773 ‘Et
822 3738 861 3773 eor
877 3724 918 3786 qni
934 3730 1094 3774 merserant
1109 3724 1242 3788 imaeprre]

149 3795 251 3846 Falsum
273 3801 324 3858 est,
345 3793 557 3858 Ampilrmrchnm
578 3795 676 3845 Priami
715 3796 850 3847 Hiclocnr
867 3797 1125 3860 itrdistingnendus:
1150 3799 1241 3848 ‘ador-

150 3870 232 3922 dliom
257 3869 345 3921 suine.
384 3868 435 3918 Sed
456 3870 541 3918 locum
567 3868 675 3918 Homeri
715 3876 757 3920 tus
768 3878 808 3920 est
817 3871 974 3922 Antenorem
986 3878 1013 3920 et
1024 3884 1068 3920 eos
1081 3871 1124 3934 qni
1135 3885 1268 3921 consen-¹

150 3949 219 3998 mele
229 3948 332 4012 aceepit
340 3946 435 4006 Dares,
444 3946 485 3994 rel
494 3945 573 3995 etiem
582 3951 675 4008 sponte
718 3949 814 4007 serant,
841 3945 976 4008 increpare
1003 3941 1125 4007 factaque
1153 3957 1241 3995 eornm

151 4037 199 4073 sua
214 4023 376 4074 immutarit:
392 4019 460 4071 't’itar
467 4019 618 4083 Ἀντιμάχοιο
628 4017 678 4070 lai·
718 4019 816 4084 coepitss

147 4095 441 4162 'opreudrdapdlmr
459 4095 553 4159 Χρπδν
569 4094 678 4157 Ἀλεξάν-
749 4092 906 4156 siluerim]
932 4093 1029 4142 Forsan
1044 4107 1101 4157 pro,
1117 4092 1240 4144 taurini.

152 4175 214 4238 sporo
225 4171 367 4239 δεδεγμένος,
375 4171 456 4234 ἀγλαὰ
464 4173 534 4236 ὕδρα,
542 4170 592 4222 οὐκ
599 4170 677 4233 ἄκη(
717 4169 770 4221 ded
780 4171 882 4232 melius,
894 4167 1079 4233 ‘irruptionem
1096 4166 1181 4220 facem
1198 4183 1240 4220 ex·
