3136 4948
286 353 330 429 54
555 369 635 420 rac.
655 363 848 420 unarncurr
873 363 1124 418 orssnrrrsrte

289 525 378 610 quod
388 524 462 608 jam
477 523 559 588 satis
571 519 676 606 supra
689 515 944 586 confutavimus.
963 561 966 568 Δ
988 518 1117 584 Verum
1132 519 1175 582 de
1190 518 1279 602 stylo
1288 515 1391 603 quor!

173 645 178 651 ·
289 629 349 703 ait,
365 625 554 689 indecorum
569 629 630 700 est,
645 623 692 687 ita
705 621 830 698 rivam,
845 621 931 698 uiro,
947 620 1006 703 qui
1019 617 1193 686 Latinitati
1205 623 1394 703 tantopere

290 727 445 792 attendit.
490 725 582 804 Quid
607 725 719 788 enimi
762 719 819 787 An
848 723 892 788 ad
916 721 1062 804 Nepotis
1093 722 1228 805 stylum,
1255 727 1315 786 aut
1338 721 1390 786 acl

288 824 411 892 Vellcii
440 839 550 891 aarum
580 825 742 889 accedunt
765 821 997 888 ‘contestari'
1026 819 1146 886 eodem
1175 839 1287 899 sensu,
1316 841 1392 905 que

289 946 377 992 nunc
394 925 495 1008 vulgo
511 925 629 989 dicunt
652 923 860 989 ‘Protestari
873 922 893 988 :’
922 922 1080 987 ‘Testari
1094 923 1187 988 brevi
1201 921 1389 999 ultionem,’

289 1027 356 1091 hoc
379 1031 443 1104 est,
458 1026 586 1105 minari,
602 1025 822 1090 renunciaret
852 1016 1088 1108 ‘udbospitm
1103 1024 1171 1089 sibi
1191 1021 1309 1101 Μ’
1334 1039 1391 1088 et

290 1125 488 1204 Graecismo,
509 1127 553 1188 ἐπὶ
574 1125 651 1210 ξενίᾳ
672 1129 789 1190 samii:
811 1125 1029 1191 ‘Reformare
1059 1125 1168 1190 diem:
1191 1145 1269 1190 cum
1291 1127 1394 1190 nullo
1430 1137 1435 1142 '

289 1226 438 1294 remedio
459 1228 582 1292 mederi
602 1227 738 1310 posset,'
758 1228 912 1311 passive:
934 1226 1096 1292 ‘Funus'
1117 1247 1179 1310 pro
1193 1230 1270 1310 ipso
1284 1227 1393 1290 carla-

291 1349 370 1393 rere
386 1331 419 1392 et
441 1329 616 1412 sepulcro:
641 1328 806 1393 ‘Cuncta
821 1335 970 1394 extrema
991 1337 1086 1393 ratus
1106 1328 1271 1412 experiri:
1293 1327 1393 1393 ‘Re-

292 1430 444 1494 dannaia
458 1441 576 1494 manus
588 1431 608 1494 :'
631 1429 823 1512 ‘Coujuges
837 1428 1101 1514 Principalium,'
1116 1430 1210 1511 quod
1231 1429 1393 1512 frequens

292 1531 460 1614 sequioris
475 1533 542 1596 aevi
556 1531 797 1616 scriptoribus:
812 1531 829 1568 '‘
841 1531 934 1597 Alter
955 1531 1185 1596 Echinadibus
1195 1531 1390 1614 imperator,

292 1631 663 1718 AgapenorArcadiaez’
674 1633 855 1698 ‘Desinere
865 1633 1094 1721 pernoctando
1106 1631 1198 1696 humi
1207 1629 1227 1695 :'
1242 1630 1392 1709 ‘Quanti

291 1735 458 1812 mortales,
475 1735 612 1818 quinam
626 1741 663 1798 ct
676 1735 794 1818 quanti
809 1734 1009 1818 Pelopidae,’
1024 1733 1089 1797 hoc
1104 1738 1166 1810 est,
1183 1735 1275 1815 quot,
1291 1733 1390 1814 quod

293 1833 551 1902 usitatissimum
565 1836 628 1900 luit
642 1834 851 1919 Septimiano
864 1853 959 1900 aero:
983 1833 1190 1898 ‘Delutaret'
1212 1833 1274 1898 ‘Is
1295 1834 1391 1916 Aga-2

293 1938 457 2001 memnoni
471 1937 656 2014 insinuans,
670 1956 747 2019 quae
763 1935 861 2001 circa'
873 1935 979 1998 filiam
1000 1935 1073 2019 ejus
1095 1935 1297 2012 euenissent,
1314 1935 1392 1999 ania

292 2057 384 2102 mum
406 2043 505 2121 atque
528 2033 679 2102 ornatum
701 2035 1021 2119 regis'relormavit,'
1034 2035 1100 2100 hoc
1122 2043 1187 2112 est,
1202 2035 1339 2100 comiter
1354 2039 1393 2100 et-

293 2139 442 2203 modesto
464 2138 671 2220 significans:
690 2139 832 2222 ‘Super
854 2153 931 2220 quae
953 2137 1099 2221 juvenis,
1113 2136 1218 2201 ‘aliud
1243 2141 1392 2220 tempus,

293 2239 395 2303 alium
413 2241 538 2317 locum,
554 2246 797 2322 tractatumque
819 2241 892 2304 fore
913 2237 1095 2322 respondit.
1138 2233 1390 2321 Etiudignatos

292 2340 441 2404 noudum
456 2341 521 2405 sibi
544 2361 565 2405 a
586 2339 723 2406 Priamo
746 2360 848 2424 super
867 2340 932 2418 his,
947 2360 1024 2424 quae
1048 2359 1162 2404 secum
1177 2326 1390 2418 tractaverat,

293 2442 508 2520 mandatum,’
536 2443 601 2506 hoc
638 2449 699 2520 est,
730 2438 943 2509 nunciatum:
966 2441 1171 2508 ‘Rumorem
1201 2441 1237 2504 in
1263 2440 1392 2506 Verum

294 2547 470 2608 uexerant.
493 2539 646 2620 ‘Solito,'
656 2545 828 2608 absolute:
845 2541 1065 2608 ‘coadunare
1076 2542 1095 2607 :'
1109 2541 1269 2621 Quietum
1279 2537 1392 2606 disce*

297 2643 397 2722 ditur,
418 2639 484 2708 hoc
506 2649 571 2720 est,
591 2641 764 2709 cubitum:
801 2643 978 2709 ‘Relatum
1003 2631 1123 2708 diti'ert‘
1137 2629 1176 2707 in
1195 2643 1391 2726 proximum

295 2744 407 2822 diem,
421 2745 487 2808 hoc
501 2749 563 2821 est,
576 2745 851 2810 renuntiationem
863 2747 1039 2828 legationis
1052 2761 1133 2810 suae.
1175 2743 1393 2828 ‘Sullopsnm

296 2841 410 2924 coclo,’
434 2847 500 2911 hoc
516 2851 579 2924 est,
592 2847 782 2930 delapsum.
824 2847 955 2931 ‘Super
968 2847 1132 2931 qualitate
1157 2863 1275 2912 eorum
1295 2859 1394 2911 exer·

297 2943 388 3024 rius:
410 2947 474 3011 lroc
489 2949 553 3024 est,
568 2948 691 3027 acrius,-
713 2948 983 3013 ‘disserturumt’
1006 2945 1260 3032 ‘Impossibilia
1274 2952 1393 3030 postn-

298 3048 368 3111 larc
383 3041 402 3110 τ’
423 3041 615 3114 ‘Placitum
638 3048 832 3126 confirmat,’
852 3050 919 3114 hoc
943 3051 1008 3127 est,
1023 3057 1219 3114 conventum
1240 3052 1393 3131 metunt.

297 3148 421 3214 ‘Jovis
445 3147 752 3216 Anteaedificialis:’
775 3152 924 3216 ‘Forma
947 3149 1208 3236 perlaudabilis!
1251 3147 1342 3215 Haec
1357 3152 1394 3216 et

296 3251 509 3335 similia'quis
522 3251 655 3316 taudem
670 3252 800 3320 Latinae
812 3253 987 3335 elegantiae
1001 3253 1092 3317 haud
1106 3251 1280 3335 imperitus
1295 3249 1394 3316 dixe*

296 3353 338 3417 rit
360 3349 452 3418 illius
473 3373 547 3420 esse
570 3350 692 3432 aetatis,
718 3371 785 3438 qua
805 3353 954 3420 maxime
976 3355 1093 3419 isthaec
1119 3349 1234 3436 lingua
1254 3353 1393 3418 floruiti

295 3453 384 3519 Vide
398 3457 499 3521 etiam
515 3455 640 3521 Olaum
652 3453 871 3535 Borrichium,
884 3462 919 3521 et
934 3456 1143 3523 Gronovium
1157 3453 1303 3532 Patrem,
1319 3455 1394 3520 Obd

223 3577 227 3584 ·
297 3571 381 3619 serv.
396 3553 529 3622 Eccles.
543 3560 599 3622 25.

344 3665 493 3720 xxer.
516 3659 635 3742 Neque
658 3663 767 3724 tamen
783 3661 971 3744 negaverim
986 3657 1162 3742 Scioppio,
1178 3658 1269 3742 quod
1287 3657 1394 3737 addit,

296 3758 483 3823 ‘nonnullis
497 3755 584 3822 locis
601 3761 745 3844 Dictyos
759 3761 885 3844 aliquid
899 3763 981 3826 mali
996 3777 1019 3824 a
1033 3761 1124 3824 mala
1133 3775 1209 3824 esse
1220 3759 1394 3842 objectum

159 3872 165 3876 ·
296 3854 421 3924 manu!
456 3857 533 3924 Nec
545 3861 631 3924 enim
647 3861 777 3940 dubito,
791 3851 998 3946 quiumultis
1012 3862 1142 3926 inlocis
1152 3857 1253 3926 etiam
1263 3859 1395 3924 librari·

296 3977 390 4024 orum
404 3960 509 4042 culpa
533 3960 685 4045 Scriptus
697 3961 754 4026 hic
775 3961 868 4029 foeda
890 3964 934 4030 sit
960 3963 1156 4048 stribiligine
1176 3959 1331 4039 vitiatus,
1356 3960 1395 4023 et

296 4061 467 4164 complura
480 4059 556 4144 ejus
568 4063 702 4142 generis
725 4064 826 4128 etiarn
847 4079 935 4130 nunc
949 4065 1147 4158 supersint..
1172 4060 1297 4126 Eorum
1310 4077 1396 4124 non·

299 4161 389 4226 nulla
400 4167 523 4232 nostrae
537 4161 831 4236 animadversionis
843 4161 898 4231 hic
909 4165 1130 4250 proferemus.
1153 4161 1397 4227 Sicr.4.‘Po‹·
1430 4179 1436 4187 ’
