3158 4938
460 379 508 424 nn
532 377 652 426 sueno
674 377 845 426 rnorrrro
870 378 941 426 cru.
965 380 999 423 v.
1206 363 1270 428 261

175 523 225 588 ibi
246 537 390 603 numque
418 517 585 584 sisimile
611 537 685 582 cum
717 518 839 582 ceteris
861 518 1001 584 ducibus
1026 520 1096 602 jus
1117 509 1271 604 ternique

176 623 320 689 eundem
348 625 549 705 potestatem
577 620 657 686 sore.
717 619 964 703 Neoptolemus
991 622 1081 686 filios
1112 622 1272 688 Hectoris

177 725 315 790 Heleno
337 721 534 788 conceditz¹
556 729 719 805 praetereo
735 722 857 805 reliqui
878 722 982 788 duces
1004 724 1076 787 euri
1097 729 1197 807 utque
1220 743 1273 789 er·

177 827 266 909 genti
288 831 446 909 quantum
472 823 611 905 siugulis
633 823 743 888 visum
769 830 831 886 est
878 822 964 890 Dein
991 824 1133 888 consilio
1157 825 1271 891 habito
1318 830 1325 845 '

177 927 376 1004 decernitur,
391 927 440 990 uti
456 944 517 1007 per
532 925 677 989 triduum
691 925 790 988 sunus
806 924 925 1008 Ajucis
940 926 1073 1008 publice
1088 928 1274 1010 suscipere·

177 1035 241 1094 tur.
278 1029 399 1111 Itaque
410 1029 541 1094 exectis
554 1028 745 1104 hisdiebus,
755 1029 866 1091 cuncti
879 1047 972 1110 reges
983 1047 1116 1092 comam
1127 1029 1273 1093 tumulo⁷

176 1130 251 1213 ejus
266 1131 462 1214 deponunt·
505 1129 621 1214 Atque
644 1129 742 1194 exiu⁸
764 1130 975 1196 contumeliis
995 1129 1274 1209 Agamemnonem

176 1229 399 1314 boumque‘
419 1251 528 1313 ogere,
554 1249 679 1314 eosque
703 1250 768 1294 non
782 1228 930 1308 Atrides,
952 1232 1013 1296 red
1034 1231 1274 1309 Plisthenidas,

178 1339 215 1398 et
236 1333 280 1396 cb
302 1332 338 1398 id
362 1333 550 1414 ignobilesu
573 1333 755 1416 appellare.
815 1331 930 1410 Quare
955 1334 1077 1410 coacti,
1100 1332 1200 1396 simul
1225 1333 1275 1396 uti

179 1434 296 1498 odium
318 1436 373 1498 sui
398 1434 489 1520 opud
510 1435 696 1500 exercitum
711 1453 774 1517 per
788 1435 972 1500 absentiam
986 1434 1154 1512 leniretur,
1180 1443 1276 1498 orent

176 1535 229 1600 uti
244 1537 310 1600 sibi
326 1537 417 1602 ubire
433 1557 453 1602 e
467 1541 649 1620 conspectu
659 1555 772 1600 eorum
788 1536 858 1600 sine
872 1555 964 1602 noxe
978 1536 1179 1602 concedent.
1203 1536 1274 1600 Itu·

180 1655 245 1719 que
260 1655 428 1704 consensu
444 1638 592 1702 omnium
608 1636 706 1720 primi
720 1637 889 1719 navigant,
898 1636 1066 1702 deturbati
1074 1638 1276 1721 expulsique

180 1738 248 1804 ub⁹
269 1738 424 1804 ducibus.
468 1739 623 1804 Ceterum
645 1738 764 1822 Ajucis
786 1739 857 1815 fflii,
874 1739 1050 1802 AEentides
1065 1738 1198 1804 Glauce
1219 1758 1276 1818 ge·

179 1841 283 1917 nitus,
307 1846 407 1925 utque
437 1840 653 1925 Eurysuccsv
689 1857 734 1902 ex
760 1838 954 1916 Tecmesse,
984 1837 1119 1903 Teucro
1150 1837 1276 1903 traditi.

181 2185 296 2236 indo-9
312 2185 408 2250 Deiph.
421 2201 446 2247 o,
456 2191 484 2234 et
496 2200 557 2235 mox
569 2191 631 2234 rute
642 2184 786 2247 norigaudo,
805 2190 831 2232 et
843 2187 904 2233 rute
917 2182 996 2244 ijo.

667 2362 774 2414 Nom

183 2505 220 2558 te,
233 2495 325 2544 AEneas
337 2492 402 2542 iiber
418 2491 504 2542 faetus
521 2491 712 2552 Macedonium,
750 2491 955 2542 Andromachum
977 2489 1126 2553 recepisre;
1154 2503 1211 2538 eum
1235 2489 1279 2538 elii

183 2579 212 2620 et
233 2569 293 2619 lude
316 2568 420 2618 ltutirm
446 2567 532 2632 petiit.
564 2566 617 2616 Alii
638 2568 711 2617 aiunt
750 2582 839 2618 omnes
865 2583 916 2617 uno
937 2580 1062 2616 consensu
1085 2563 1199 2622 trudent,
1221 2577 1278 2614 erm

183 2645 300 2706 AEneem,
313 2643 388 2706 panto
399 2650 536 2706 antequem
547 2642 624 2705 Troje
634 2656 711 2705 cepe·
750 2651 810 2706 post
820 2644 913 2706 Pyrrhi
922 2650 1030 2692 mortem
1042 2640 1145 2690 Heleno
1157 2640 1276 2691 cerrirre.

184 2717 389 2776 rerur,in1dem
401 2717 708 2778 moutemreeoutrriirrc3
781 2722 905 2770 'Comum
924 2715 1053 2782 demum]
1080 2717 1121 2766 De
1138 2731 1189 2781 quo
1206 2731 1278 2766 more

183 2791 631 2858 Sophocler,inl'rrgoedie1aoeoorr,
643 2791 710 2843 reic-
743 2795 800 2859 jem
813 2810 900 2858 rupre-

185 2878 258 2920 rente
276 2869 485 2927 Halicarnasum,
503 2867 548 2916 lib.
567 2880 586 2916 r.
605 2875 632 2918 et
651 2868 712 2917 iude
782 2871 886 2935 tAtque
905 2869 962 2920 exin
982 2865 1128 2918 contumiiir
1151 2865 1280 2928 Agamem.
1367 2885 1374 2899 ·

184 2945 263 2994 tertio
281 2958 347 2992 runo
369 2952 427 3007 port
444 2941 546 2992 ltaliam
567 2942 712 3006 navigem·
751 2944 998 3009 nonemsrotremqee]
1014 2945 1081 2994 Haec
1093 2943 1178 2993 cronio
1188 2950 1281 2993 contre

185 3021 239 3072 Alii
250 3033 338 3068 turtur
350 3017 476 3077 scribunt,
486 3017 591 3066 AEneam
608 3017 713 3066 mantis·
743 3033 869 3088 'veterum
887 3023 1044 3073 sententium
1055 3027 1082 3068 et
1099 3019 1280 3068 auctoritatem

185 3111 214 3146 re
232 3097 259 3146 iu
279 3094 402 3158 Phrygio,
421 3093 507 3156 ibique
524 3091 568 3140 diu
585 3105 714 3156 regnasse·
754 3099 848 3164 Dictys
865 3097 982 3160 protulit.
1016 3094 1110 3143 Scribit
1129 3093 1208 3142 Hom.
1228 3091 1282 3141 ou.

184 3171 239 3224 Alii
254 3171 359 3221 tandem
375 3169 463 3220 aliter.
495 3169 546 3218 Sed
566 3167 640 3218 nimir
659 3170 714 3219 lou·
754 3179 779 3224 r.
797 3180 969 3238 posterorum
979 3170 1082 3233 'i'rojum
1094 3169 1240 3218 Menelaum
1253 3176 1282 3218 et

186 3263 246 3314 qum
268 3253 340 3298 creet
360 3261 390 3296 eo
409 3247 496 3296 omoie
517 3247 560 3296 hic
584 3246 713 3308 intorem
754 3249 972 3312 Agamemnonem
989 3244 1073 3294 verbis
1090 3245 1159 3294 inter
1176 3257 1205 3292 re
1221 3255 1282 3294 con·

185 3336 266 3388 querc
276 3323 329 3385 edi,
339 3322 360 3372 ri
371 3323 453 3378 lubet.
464 3321 625 3372 doctissimos
635 3321 715 3372 Meri·
756 3324 880 3384 tendisse,
890 3337 947 3374 cunr
959 3321 1001 3370 ilie
1013 3319 1122 3370 Graeooe
1130 3332 1281 3368 cornescere

185 3399 250 3448 rioci
262 3398 470 3460 commentarios,
482 3399 508 3446 in
520 3399 604 3461 Epist.
617 3397 696 3454 Ouid.
756 3398 910 3462 navigationi
935 3397 1041 3460 juberet
1069 3396 1213 3460 recingere.
1239 3394 1281 3444 iric

218 3482 228 3507 ¹
245 3474 323 3523 Filios
345 3473 459 3523 Hectoris
487 3473 579 3524 Heleno
600 3472 716 3538 coneedit]
757 3491 817 3524 voro
827 3489 871 3524 eos
883 3473 966 3523 edlruc
978 3472 1014 3523 ibi
1027 3471 1121 3521 mereri
1132 3473 1281 3536 impeteret,

186 3550 238 3602 Sed
248 3551 305 3614 ipse
317 3550 506 3613 Neoptolemus
516 3549 645 3598 Helenum
657 3563 716 3612 orp-
757 3564 838 3614 usque
850 3551 909 3600 dum
921 3549 976 3612 ipre
985 3548 1142 3598 hecatombis
1154 3547 1282 3599 Minerva

185 3627 269 3678 tivum
286 3625 405 3688 obduxit,
419 3625 496 3690 eique
514 3633 603 3688 posteo
615 3623 717 3674 Andro·
757 3624 928 3676 sacrificasset
938 3641 946 3687 ς
957 3624 1124 3674 etdimidiem
1132 3625 1283 3676 Graecorum

186 3703 295 3753 meeben
333 3701 455 3752 Hectoris
490 3703 629 3756 concessit.
659 3715 716 3750 euur
757 3710 924 3768 pertemoum
940 3702 1284 3765 Menelaonrviqrrreneli·

187 3779 358 3830 Hermionen
380 3784 492 3841 peteret.
532 3777 594 3840 Ipse
615 3773 717 3828 Andro·
757 3776 1203 3842 quamcunrbgeoremnone‘l'rojoe
1215 3790 1285 3826 mou·

187 3851 454 3916 muehmpudllirg.
481 3853 549 3904 ‘Qui
565 3851 660 3901 deinde
677 3865 716 3900 se·
756 3856 827 3908 risse.
861 3855 941 3904 Piore
952 3852 1010 3902 vide
1022 3852 1084 3902 ibid.

184 3928 393 3982 cutusbedaeom
412 3928 578 3980 Hermionen
595 3927 716 3978 umero·
789 3928 925 3980 uEtobicl
939 3923 1064 3989 ignobiles]
1091 3925 1157 3975 Vide
1174 3939 1232 3991 quer
1250 3923 1283 3974 de

185 4005 336 4068 moriorque
358 4004 513 4068 hymenaeos,
533 4004 579 4052 Me
595 4000 715 4052 iemrrlem
756 3999 1171 4066 Plisthenesuperiurdictesuut.

186 4079 334 4145 somnioque
346 4080 448 4130 Heleno
464 4079 603 4130 transmisit
622 4077 716 4128 buben·
789 4087 801 4112 V
819 4080 928 4128 Ceterum
946 4075 1027 4137 Ajucir
1038 4075 1091 4137 filii
1105 4075 1229 4123 AEontider
1247 4080 1284 4126 ot-

186 4156 267 4208 dem’
307 4156 418 4217 Virgilio
440 4156 570 4206 consentit
589 4154 716 4219 lustinus,
756 4171 801 4220 que
813 4152 955 4220 Eurynome]
976 4149 1284 4216 DeAEentideAJ'reirfr-

184 4234 232 4302 qui
244 4231 337 4284 scribit
349 4232 452 4284 vivente
468 4231 568 4294 Pyrrire
588 4230 715 4288 Helenum
756 4231 792 4282 lie
811 4231 873 4282 nibil
893 4229 976 4280 edlruc
996 4227 1065 4292 apud
1083 4226 1145 4278 elice
1162 4228 1288 4293 comperi.
