3178 4948
481 431 529 479 on
553 427 673 481 annno
696 431 868 482 rnursuo
891 431 963 483 nra.
987 436 1011 484 1.
1231 413 1296 484 123

204 570 474 655 Clytaemnestra,
489 593 564 638 cum
581 581 718 657 propter
732 573 871 656 gratiam
888 569 1054 652 Helenae,r
1066 577 1137 638 tum
1147 574 1293 640 maxime

202 673 296 755 quod
320 677 386 737 tam
411 674 613 738 celeberrimi
638 673 782 738 nominis
809 675 882 738 viro
907 673 979 738 iilia
1000 673 1192 751 traderetur,
1213 674 1294 740 laeta

202 773 408 854 iphigeniam
420 773 537 858 Ulyssi
548 775 750 839 committit.g
773 773 880 856 isque
894 775 1046 870 coniecto
1059 775 1193 858 negotio
1208 794 1294 858 pen-

186 875 253 936 .cis
270 873 389 936 diebus
405 874 449 937 etl
468 876 652 939 exercitum
675 875 858 952 revertitur,
873 881 972 959 atque
994 895 1037 940 ex
1054 875 1237 960 improviso
1259 877 1294 940 in

200 973 278 1036 luco
295 973 418 1038 Dianee
433 994 510 1038 curo
524 976 650 1055 virgine
672 975 885 1058 conspicitur.
932 975 1019 1054 Quis
1034 976 1189 1058 cognitis,
1203 973 1295 1056 Aga·
1354 1056 1357 1068 .

201 1089 366 1151 memnon,
389 1073 570 1138 allectione
589 1081 737 1158 pateruae
754 1075 918 1158 pietatis¹²
941 1081 1065 1156 motus,
1080 1085 1145 1140 an⁹
1165 1095 1208 1139 ne
1224 1084 1293 1138 tam

200 1172 324 1237 illicito
340 1174 574 1239 immolationis
590 1176 709 1240 sceleri
723 1176 908 1255 interesset,
923 1176 1035 1260 fugem
1050 1181 1160 1260 parat.
1187 1173 1292 1240 Enm¹

201 1291 237 1335 re
252 1273 387 1354 cognite
410 1273 544 1352 Nestor,
568 1277 701 1358 longam
716 1296 859 1340 exorsus
881 1279 1075 1355 orationem,
1100 1277 1143 1342 ad
1166 1283 1296 1360 postre-

200 1389 290 1436 mum
307 1374 529 1454 persuadendi
543 1374 679 1457 genere,i
701 1377 818 1460 inquo
834 1387 955 1460 praeter
969 1373 1126 1442 eeteroslt
1149 1375 1294 1442 Graeciae

158 1551 161 1554 Ι
201 1473 290 1536 viros
313 1473 484 1556 jucundus
513 1482 746 1561 acceptusque
775 1485 855 1555 erat,
885 1499 906 1543 a
931 1480 1106 1563 preposito
1136 1477 1295 1542 cohibuit.

201 1571 284 1652 [2l.]
294 1574 433 1638 Interim
447 1577 606 1659 virginem
618 1578 762 1662 Ulysses
776 1587 810 1643 et
822 1580 996 1644 Menelaus
1008 1599 1084 1645 cum
1100 1577 1295 1653 Calchante,

201 1675 321 1755 quibus
345 1675 378 1738 id
401 1679 572 1758 negotium
590 1679 704 1744 datum
727 1687 809 1760 erat,
832 1682 965 1747 remotis
987 1681 1104 1764 procul
1126 1680 1294 1754 omnibus,

202 1776 368 1840 sacrificio
384 1777 567 1845 adornant:
582 1801 656 1846 cum
672 1781 766 1848 ecoe¹
790 1784 864 1848 dies
878 1783 999 1848 foederi
1009 1790 1030 1818 ¹¹¹
1045 1788 1077 1846 et
1092 1781 1216 1847 eoelum
1231 1785 1293 1844 nb·

200 1877 269 1940 bilo
283 1878 372 1959 tegi¹¹
388 1880 507 1962 coepit:
524 1881 601 1944 dein
613 1890 747 1964 repente
763 1885 918 1960 tonitrua,
934 1888 1120 1962 corusce,⁰²
1141 1881 1295 1956 fulmina,

656 2060 670 2080 θ
673 2060 837 2082 ‘neonem

450 2176 465 2220 9
483 2171 566 2222 Deest
581 2188 612 2222 err
629 2173 654 2222 iu
672 2175 817 2238 Delph.—1
836 2177 930 2239 Delpb.
949 2190 1052 2239 eumque.

693 2335 799 2386 NOTAE

206 2465 211 2474 ·
232 2447 241 2481 f
254 2447 359 2510 Propter
367 2447 473 2509 gretiam
484 2446 595 2510 Helene]
612 2448 726 2511 Propter
767 2464 822 2499 rum
830 2455 926 2512 orator,
936 2447 959 2499 Α
971 2447 1043 2512 cujus
1053 2447 1140 2512 lingua
1151 2448 1227 2498 melle
1239 2447 1294 2498 dul-

200 2523 311 2586 graiium
330 2523 447 2584 Helene,
462 2537 555 2586 nempe
567 2529 596 2572 ut
607 2537 639 2572 ea
650 2523 725 2572 citius
766 2524 821 2574 eior
831 2523 929 2574 fluebat
939 2521 1040 2573 oratio!

198 2598 340 2662 a'l'rojsnis
353 2598 447 2647 abduci
459 2605 485 2647 et
504 2597 600 2647 retrahi
621 2605 725 2659 possete
798 2597 806 2632 ¹
822 2599 895 2663 Eece]
913 2601 980 2649 Fere
992 2612 1095 2662 semper
1107 2598 1174 2662 apud
1187 2599 1294 2648 idoneos

198 2674 266 2736 quood
285 2672 342 2722 lieri
359 2673 491 2736 nequibat,
507 2673 555 2722 nisi
568 2671 680 2723 Achilles
692 2673 724 2722 ad
766 2683 883 2724 erectores
894 2675 927 2724 (le
938 2689 966 2724 re
978 2673 1056 2731 loeua,
1066 2675 1186 2738 terribili,
1196 2682 1224 2724 et
1235 2676 1294 2724 bor·

197 2750 301 2811 'frojam
313 2755 445 2811 pergeret.
765 2751 855 2798 rende.
870 2749 944 2812 virg.
958 2762 989 2798 ιι.
1009 2747 1067 2798 AEn.
1077 2752 1135 2798 203.
1151 2749 1237 2798 ‘Eece
1250 2765 1294 2798 au·

206 2863 208 2866 .
230 2834 243 2868 r
263 2825 347 2888 Ulpsei
363 2822 501 2887 emuniuit]
524 2823 662 2885 Euripides
680 2823 726 2880 ait,
766 2833 819 2874 tem
836 2825 930 2886 gemini
947 2839 963 2873 a
979 2823 1087 2874 'l'euerlo
1099 2825 1236 2888 tranquilla
1247 2840 1295 2888 per

201 2902 282 2964 ipsam
298 2901 523 2964 clytemnestram
547 2897 626 2948 liliam
654 2913 726 2948 auam
766 2901 828 2963 alte,
838 2901 970 2950 Horresco
983 2898 1122 2961 referees,
1116 2901 1294 2950 remensum-

114 3007 122 3014 -
200 2977 313 3026 duruisse.
767 2977 842 3026 bibus
853 2991 949 3039 angues
958 2975 1115 3026 incumbunt
1126 2974 1235 3062 pelage}
1242 2978 1294 3024 ere.

231 3050 488 3113 ¹¹Puteumpietatis]
504 3049 623 3114 Proprie.
657 3051 726 3100 Nare
767 3051 817 3100 Ubi
841 3051 964 3100 Servius:
991 3050 1077 3099 ‘Cum
1099 3063 1133 3098 ex
1155 3049 1294 3112 impreviso

198 3128 282 3191 pietas
299 3135 339 3175 est
358 3127 398 3175 vel
417 3125 554 3175 tiliorum'
548 3140 573 3174 ru
594 3134 726 3189 parentes,
767 3128 822 3175 vult
839 3126 939 3190 aliquid
961 3125 1108 3185 ostendere,
1127 3137 1190 3174 ecee
1210 3126 1293 3187 punit,

198 3203 240 3250 vel
260 3210 397 3266 pareutum
416 3201 442 3249 in
459 3199 534 3250 lilios·
567 3200 644 3250 Unde
656 3200 726 3266 apuu
766 3209 812 3252 ut.
826 3202 895 3250 Ecce
906 3208 992 3249 autem
1005 3200 1063 3248 telis
1075 3199 1201 3248 Panthus.
1220 3198 1294 3247 Sicut

198 3279 340 3341 virgitsx.
360 3276 416 3326 AEn.
435 3280 493 3326 824.
509 3275 613 3325 ‘Subiit
633 3278 726 3339 patriae
768 3277 877 3325 Cicero:
900 3275 971 3322 Ecce
991 3281 1076 3322 autem
1097 3278 1205 3334 repente
1222 3273 1295 3322 ebrio

197 3354 304 3416 pietatis
317 3351 421 3414 imago!
768 3351 907 3400 Cleomene
926 3347 1097 3398 esurientibus
1114 3345 1226 3396 ceteris!
1258 3349 1294 3397 Et

228 3427 235 3460 ¹
247 3426 567 3490 Persuadeortigmere,ipo.]
579 3428 726 3490 Nunquam,
767 3427 902 3476 Donatus:
915 3427 922 3453 ¹
933 3425 1002 3474 Eece
1013 3438 1115 3486 semper
1127 3423 1240 3486 ponitur,
1250 3424 1294 3474 ubi

198 3508 274 3566 puto,
294 3500 410 3548 invenies
435 3500 473 3548 ita
489 3500 623 3563 loquentes
646 3501 727 3549 bones
767 3515 808 3550 res
826 3499 954 3550 horrenda
974 3506 1003 3548 et
1019 3497 1158 3561 repentina
1168 3496 1294 3562 siguifica-

196 3588 334 3629 auctores:
353 3576 434 3626 ‘Cum
451 3576 574 3626 Nestora
594 3576 726 3638 proposito
768 3575 828 3626 tnr.’

195 3653 329 3720 probibuit
338 3651 512 3716 persuadendi
522 3665 615 3714 genere
624 3651 648 3700 in
657 3650 726 3716 φοί
796 3659 814 3685 Ν
831 3651 939 3715 Fauori]
959 3649 1076 3715 Optime.
1098 3647 1294 3700 Siefoedatem·

196 3733 247 3777 &e
273 3727 324 3778 Qui
337 3726 428 3776 Latine
440 3725 535 3782 sciunt,
545 3725 572 3774 id
584 3731 657 3776 certe
667 3739 725 3776 seu·
764 3733 861 3791 pestes,
876 3727 950 3791 virg.
970 3727 1136 3777 (locuste.
1167 3727 1222 3776 ‘Et
1245 3725 1293 3774 ioe-

196 3804 274 3853 tinnt.
763 3801 1159 3866 demglomeranttempestatem
1168 3800 1293 3850 imbribus

228 3877 241 3910 ⁸
260 3879 290 3928 Iu
300 3891 345 3962 quo
355 3875 553 3938 prateresteror]
576 3876 643 3926 Nam
653 3882 680 3926 et
691 3876 725 3926 de
764 3877 845 3928 atris!
876 3878 920 3928 Sic
932 3877 1025 3928 alieubi
1042 3878 1121 3940 idem,
1138 3882 1211 3925 ‘atra
1227 3881 1293 3924 tem·

198 3953 310 4002 Nestore
323 3965 360 3999 uc
373 3950 480 3999 Homer
514 3951 580 3998 'rotor
591 3948 616 4000 tt
630 3949 728 4016 Νέστωρ
763 3953 869 4018 pestes!
892 3954 936 4004 διο
948 3953 1016 4004 mira
1027 3953 1150 4008 Noster
1160 3953 1228 4000 mter
1239 3959 1291 4004 tam

196 4029 309 4088 ‘itineris
324 4026 445 4092 ἀνόρουσε,
456 4025 526 4089 brpbs
536 4027 628 4078 neuton
639 4029 726 4092 &popp-
764 4037 843 4093 tetra,
844 4029 907 4080 'ito

196 4097 251 4166 rba,
260 4099 307 4154 'reio
323 4103 543 4166 nutrimentum
557 4103 654 4168 pluteos
668 4115 727 4167 γλυι
797 4107 1012 4169 NabilotegiJ‘
1022 4101 1162 4155 Nubilum'
1173 4101 1291 4154 substan·

198 4179 254 4230 ntor
269 4179 321 4244 ῥέεν
338 4179 405 4239 atet.
433 4181 500 4230 ‘His
520 4189 606 4232 autem
627 4182 726 4234 Nestor
766 4180 1035 4243 tive31dest,nubes

197 4258 366 4324 Suauiloquus
382 4258 505 4325 surrexit,
521 4259 724 4324 argutusl'plio·
798 4257 931 4307 ⁰Corrrseo
946 4253 1062 4317 salmoe]
1091 4254 1211 4306 Fortasse
1233 4255 1291 4305 baec
