3112 4950
464 390 513 436 nn
537 387 667 437 exoro.
689 387 816 436 rnosn
840 387 990 438 uteros.
1202 373 1267 440 828

178 537 285 608 catur,
295 535 328 594 et
341 529 435 613 parvi
448 529 559 594 iacere
572 529 671 612 cnjus
686 529 720 592 id
733 549 799 612 ope
815 529 883 595 liat.
910 531 933 595 J
937 532 1017 595 nhet
1028 531 1150 611 dicere,
1167 533 1197 596 si
1211 535 1268 598 oni

178 632 260 715 quid
274 632 419 715 placeat.
462 630 666 695 Palamedes
677 630 841 714 procedit,
864 649 962 696 sunm
975 631 1140 712 ingenium
1155 641 1270 698 osten·

179 733 238 797 dit.
283 733 402 816 ltaque
417 730 534 812 Argivi
549 732 725 815 imperium
739 733 770 796 ei
785 721 939 798 tradunt-⁰
982 732 1183 798 Palamedes
1207 735 1270 800 Ar·

178 835 264 915 giris
276 835 399 916 gratias
413 833 494 915 agit,
515 833 691 916 imperium
706 834 842 916 accipit,
856 833 1078 898 administrat.
1123 832 1271 900 Achilles

179 934 344 1016 vituperat
364 935 497 1017 imperii
523 935 846 1009 commutationem„
875 933 956 1014 [26]
978 935 1112 998 Interea
1127 934 1271 1000 induciae

181 1039 331 1098 exeunt?
375 1033 577 1099 Palamedes
593 1040 744 1098 umatum
758 1039 977 1118 paratumque
991 1035 1181 1099 exercitum·
1194 1035 1273 1099 edn-

183 1135 242 1212 cit,
256 1135 397 1212 instruit,
410 1134 575 1198 hortatur.
620 1133 748 1198 Contra
760 1134 847 1198 idem
861 1134 945 1199 facit
958 1135 1176 1216 Deiphobus:
1192 1156 1274 1218 pug-

180 1239 275 1298 natur
288 1233 408 1297 acriter
422 1232 620 1315 aTrojanis.
665 1232 842 1316 Sarpedon
866 1234 992 1318 Lycius
1015 1253 1091 1299 cum
1116 1236 1188 1300 suis
1212 1237 1273 1300 im-

183 1334 391 1419 pressionem
405 1334 441 1396 in
456 1331 601 1415 Argivos
616 1332 711 1410 iacit,
727 1333 840 1410 caedit,
860 1334 1038 1416 prosternit
1051 1336 1188 1401 multos.
1235 1337 1274 1400 Ei

181 1435 304 1498 obvius
319 1434 358 1499 fit
371 1433 590 1517 Tlepolemus
605 1434 762 1498 Rhodius
776 1443 806 1495 :q
828 1435 889 1499 sed
906 1435 965 1498 diu
988 1436 1108 1500 stando
1131 1441 1167 1502 et
1193 1457 1274 1520 pug-

181 1536 293 1598 nando
309 1535 397 1599 male
407 1535 620 1599 vulneratus‘
635 1535 744 1599 cadit.
791 1533 951 1600 Succedit
965 1533 1087 1600 Perses
1101 1535 1275 1602 Admestm

182 1635 295 1714 iilius,⁵
317 1637 471 1718 praelium
486 1636 649 1701 restituit:
671 1636 800 1719 diuque
815 1655 893 1700 cnm
915 1635 1110 1719 Sarpedone
1126 1640 1276 1702 cominus

182 1737 359 1820 pugnaudo
382 1737 556 1802 occiditur.
601 1737 777 1818 Sarpedon
800 1755 936 1818 quoque
960 1739 1146 1801 multatus*
1170 1738 1277 1802 rediit.

182 1836 302 1918 Itaque
324 1857 384 1919 per
406 1837 533 1918 aliquot
553 1836 626 1900 dies
648 1837 766 1918 praelia
788 1836 883 1900 fiunt,
930 1833 1105 1918 Utrimque
1119 1836 1276 1900 ductores

183 1936 390 2011 occiduntur,
406 1935 465 1997 sed
480 1935 593 2016 plnres
609 1953 628 1997 a
644 1926 793 1998 Priamo.
833 1933 973 2017 Trojnni
987 1937 1128 2000 mittunt
1141 1937 1279 2018 legatos,
1377 1949 1380 1956 ·

182 2035 336 2100 inducias
349 2040 476 2118 petunt,
487 2040 523 2098 ut
535 2042 687 2100 mortuos
702 2035 880 2117 sepeliant,
893 2036 1028 2100 saucios
1040 2045 1167 2101 curent.
1211 2038 1278 2102 Pa·

182 2134 331 2199 lamedes
345 2133 626 2216 Agamemnonem
640 2135 786 2218 legatum
800 2134 919 2199 mittit‘
942 2137 986 2199 ad
1000 2135 1186 2200 Thesidae:
1210 2137 1280 2200 De·

184 2235 421 2320 mophoontem
448 2239 482 2299 et
509 2232 757 2310 Athamantem,
783 2253 872 2315 quos
897 2235 1026 2316 legatos
1051 2233 1280 2316 Agamemnon

183 2336 392 2418 prefecerat,
406 2343 446 2399 ut
467 2343 675 2400 commeatus
694 2341 938 2416 compararent,
964 2341 998 2400 et
1018 2335 1217 2399 frumentum
1235 2335 1279 2398 de

186 2436 299 2519 Mysia
314 2457 334 2501 a
349 2436 502 2519 Telepho
518 2439 696 2518 acceptum
711 2439 957 2516 supportarent.
994 2435 1042 2499 Ut
1055 2454 1098 2499 eo
1113 2434 1215 2511 venit,
1230 2453 1281 2498 se·

647 2594 825 2616 MNO

219 2692 234 2724 ⁴¹
250 2693 293 2742 Sic
304 2691 365 2743 edd.
376 2707 439 2758 ques
450 2675 628 2760 inspeximus:
646 2693 691 2744 sed
704 2693 868 2743 scribendum
880 2693 1001 2742 mutatus.

606 2840 608 2845 '
680 2835 789 2887 NOTAE

218 2940 230 2965 ⁶
247 2933 331 2996 ltaque
341 2931 430 2994 Argiui
439 2933 562 2994 imperium
573 2932 596 2982 ei
607 2930 717 2994 oudam]
755 2931 912 2980 vulneratus.

187 3006 220 3054 ld
238 3013 329 3055 contra
349 3019 435 3054 verum
455 3006 610 3054 sententiam
633 3007 716 3055 Dares
787 3003 1112 3070 'Perusddmsstaefiltad
1132 3003 1185 3052 Sed
1197 3017 1285 3068 supra,

188 3079 301 3140 scripsit.
323 3077 375 3130 Sed
387 3077 542 3140 dehocjnm
554 3080 634 3128 multa
646 3077 716 3141 apud
755 3081 863 3130 Persem
875 3079 1002 3143 quendam
1021 3079 1167 3128 Memnonis
1179 3078 1284 3132 socium,

189 3151 299 3214 Dictyn.
754 3155 822 3202 inter
838 3167 882 3201 eos
902 3153 945 3216 qui
955 3153 1124 3214 Trojanorum
1141 3157 1229 3212 partes
1245 3165 1284 3198 se-

220 3223 460 3286 almasanum]
478 3224 716 3276 Neseiosnlatlne
756 3225 902 3288 qnebsntur
931 3225 1109 3274 annumeravit
1120 3239 1133 3273 ε.
1155 3223 1284 3287 quomodo

173 3299 241 3348 -eici
265 3300 355 3362 possit,
377 3299 509 3350 ‘inducia
532 3298 648 3360 exeunt,'
670 3313 717 3364 pro
756 3299 837 3362 igitur
856 3300 898 3348 hic
916 3301 1020 3362 ineptus
1042 3299 1152 3360 scriptor
1170 3313 1228 3348 enm
1247 3300 1284 3348 ait

190 3375 318 3424 ‘indnoiae
328 3374 452 3424 finiuntur
461 3374 479 3424 :'
495 3389 579 3439 neque
591 3376 657 3424 enim
669 3375 718 3424 La.
757 3375 899 3437 Tlepolemi
911 3375 980 3425 vices
992 3375 1136 3437 suscepisse
1151 3379 1180 3422 et
1196 3381 1285 3423 eontra

190 3448 244 3496 tine
255 3448 377 3509 dicerem,
390 3449 460 3497 ‘exit
471 3447 542 3498 dies'
554 3463 599 3511 pro
612 3449 719 3513 eoquod
758 3451 934 3514 Sarpedonem
946 3451 1093 3513 pugnasse?
1121 3451 1201 3500 Nulla
1212 3457 1284 3498 certe

191 3523 306 3572 Cstnllns
318 3522 393 3585 dixit,
404 3523 476 3572 ‘abit
487 3522 559 3571 dies!
760 3525 863 3587 popina,
873 3524 917 3573 uhi
928 3537 979 3573 non
991 3524 1096 3574 Daretis
1104 3523 1232 3586 judicium
1245 3537 1284 3572 re-

223 3595 377 3645 retemtas
385 3597 422 3660 fit
438 3598 581 3659 Tlepolemus
599 3597 717 3660 Rhodius]
757 3598 853 3662 quinas.
1159 3595 1161 3600 '
1222 3645 1226 3655 ,

192 3671 307 3721 Mutavit
319 3670 719 3733 exHom.lliad.l3.'r7tue6arpor
788 3675 798 3708 ²
814 3673 950 3722 Palamedes
965 3671 1163 3734 Agammmouem
1181 3676 1285 3737 legatum

191 3747 211 3794 δ’
228 3746 391 3810 Ἡρακλείδην,
402 3745 446 3804 ἠΰν
457 3765 485 3796 τε
498 3747 576 3809 μέγαν
586 3746 719 3811 tefam
756 3747 845 3811 urittit]
871 3749 967 3797 Rerum
984 3750 1171 3800 vicissitudines
1182 3751 1285 3810 mirare,

191 3822 229 3871 δι’
249 3820 345 3882 ἀντιθέῳ
366 3822 495 3885 Σαρπηδόνι
521 3827 590 3888 μοῖρα
610 3825 717 3888 sperata
757 3826 849 3874 lector.
870 3823 959 3874 ‘Hine
971 3825 1070 3886 apicem
1083 3841 1163 3888 rapax
1172 3826 1285 3874 Fortuna

191 3896 385 3960 ‘Tlepolemum
402 3912 461 3946 vero
473 3897 649 3962 Heraclidem,
666 3899 717 3948 for·
757 3913 815 3949 oum
832 3898 941 3948 stridore
957 3906 1034 3948 acuto
1049 3901 1169 3960 Sustulit,
1186 3901 1227 3947 hic
1239 3913 1284 3960 po·

193 3979 296 4036 temque
312 3985 490 4036 magnumque,
504 3972 611 4038 Impulit
626 3973 718 4023 adver·
757 3973 961 4037 reintegranda?
984 3972 1168 4036 Agamemnon,
1180 3975 1284 4022 immen-

193 4059 236 4094 sus
252 4045 365 4119 divinum
382 4046 556 4109 Sarpedonem
565 4045 648 4097 ¹iatum
665 4047 717 4097 vio·
758 4049 779 4098 si
791 4049 922 4098 exercitus
932 4048 1008 4097 modo
1021 4063 1077 4109 res,
1089 4064 1156 4098 nunc
1169 4049 1285 4100 Palame·
1377 4114 1381 4119 .

193 4119 310 4170 lentum!
758 4123 797 4174 dis
807 4125 916 4187 legatus.
947 4121 972 4172 0
984 4137 1045 4172 sane
1056 4127 1139 4173 urens!

226 4201 237 4228 l
253 4195 318 4245 Male
328 4193 474 4258 calmetus]
497 4195 530 4246 ld
545 4201 594 4260 est,
608 4197 718 4247 menime
