3136 4948
344 385 367 453 ‘2
655 396 887 447 nuoronrnus
911 395 999 446 uun.
1022 397 1145 445 sums.

391 561 426 605 v.
450 541 603 624 Denique
617 557 660 603 ne
676 539 773 623 cnjus
784 539 857 603 haec
873 545 942 603 tam
958 538 1063 602 nitida
1077 543 1186 619 egeret
1199 538 1318 616 editio,
1332 539 1436 604 Num·

347 662 434 719 mos,
462 641 635 716 Gemmas,
661 658 702 704 ac
735 639 916 714 Marmora,
945 659 965 702 e
994 639 1162 702 variorum
1191 643 1438 705 commentariis

346 745 467 826 petita,
499 740 659 822 singulari
696 739 839 804 artificio
885 740 1019 816 coelata,
1051 758 1117 802 non
1156 740 1229 803 sine
1258 742 1436 818 sumtibus,

347 844 413 906 huc
443 840 683 916 transtulimus,
717 839 1022 920 commentatioque
1050 837 1123 922 (cni
1159 859 1279 903 nomen
1326 843 1438 905 Saena

346 940 486 1022 'I'roica)
498 960 562 1005 non
584 939 738 1022 spinoso,
758 957 826 1002 nou
848 939 1004 1014 obscuro,
1019 957 1086 1002 uon
1108 940 1259 1024 ancipiti,
1274 941 1438 1023 explana-

347 1045 470 1112 vimus.

390 1141 606 1207 Subneotitur
635 1159 769 1222 quoque
797 1139 916 1202 ceteris
940 1139 1199 1204 Praefationibus
1225 1140 1266 1204 de
1292 1143 1436 1226 Dictyos

348 1243 460 1309 Graeci
491 1240 613 1305 Latino
636 1240 815 1321 interprete
843 1239 1008 1320 Septimio
1033 1239 1234 1304 Dissertatio
1258 1242 1436 1320 Perizonii,

348 1345 404 1408 eui
419 1344 463 1406 ob
484 1339 683 1421 singularem
698 1339 732 1401 in
746 1339 849 1426 literis
862 1339 1026 1402 fervorem
1050 1358 1092 1402 ae
1107 1339 1313 1422 diligentiam
1326 1345 1437 1407 nobis·

229 1459 249 1520 ,’
348 1463 435 1519 cum,
452 1439 587 1505 candidi
601 1439 772 1516 Lectores,
786 1440 907 1503 merito
918 1440 1030 1522 justas
1045 1441 1143 1520 agitis
1157 1442 1292 1524 gratiae.

389 1544 501 1627 Atque
521 1543 594 1605 haec
614 1531 694 1604 sunt
708 1559 785 1624 quae
807 1541 851 1604 ad
866 1560 939 1606 vos·
952 1541 1104 1624 modeste
1126 1543 1298 1624 praefanda
1324 1563 1437 1628 operae

346 1644 488 1727 pretium
501 1640 672 1705 duximus.
715 1639 792 1705 Vos
814 1641 945 1706 interim
970 1643 1083 1708 labore
1105 1647 1217 1706 nostro
1241 1643 1436 1728 (ludibrium

348 1745 394 1807 sit
415 1744 494 1806 licet
516 1739 669 1825 invidiae)
691 1743 849 1819 fruimini,
879 1749 1084 1826 conatusque
1110 1762 1202 1824 meos
1221 1745 1256 1806 in
1286 1745 1437 1828 Scripto-

346 1845 438 1907 ribus
453 1843 581 1907 Latinis
600 1840 826 1907 illuminandis
840 1846 953 1908 vestro
971 1844 1087 1906 favore
1109 1847 1143 1906 et
1167 1844 1336 1925 applausu
1357 1865 1436 1928 pro-

347 1949 489 2008 movete.
