3136 4948
409 694 656 785 JACOBI
683 781 687 786 ,,
708 697 1064 788 PERIZONII

498 848 974 1068 nrssnarmro

186 1147 192 1266 Q
314 1163 392 1240 na
418 1165 686 1244 Hrsronrn
712 1135 873 1247 naum
900 1141 1155 1260 unorum,
1197 1141 1201 1150 ’
1268 1265 1271 1274 .

183 1359 303 1468 [oum
323 1369 531 1437 nrcrros
549 1372 813 1440 canrnusrs
833 1373 1009 1440 Nouum
1030 1339 1279 1455 numanum,

638 1540 828 1628 GRAEGA,

290 1752 294 1760 .
357 1717 405 1766 ET
420 1717 503 1778 EJUS
520 1717 749 1772 INTERPRETE
766 1720 911 1781 LATINO,
927 1716 1111 1780 sarrlnsso,

330 1859 522 1912 HUJUSQUE
544 1861 669 1912 AETATE
693 1861 919 1914 POTISSIMUM
943 1861 992 1912 Ac
1013 1862 1135 1912 surm.

436 2215 440 2223 ’
537 2250 638 2308 vrao
667 2250 926 2323 currussrruo,

179 2336 181 2344 ’
345 2391 790 2469 xcrrarsroruoao
818 2393 1110 2481 canonino,

183 2553 443 2606 nrsrorrrnuuru
462 2557 506 2604 ΕΤ
522 2557 730 2607 armannum
748 2557 1007 2608 uumnnrouuur
1025 2557 1066 2608 ru
1082 2555 1279 2608 carnanter-

206 2677 209 2682 ·
236 2651 314 2701 ΑΝΑ
331 2651 489 2702 nnunnsr
506 2651 698 2702 acaunum
714 2641 940 2704 Pnorsssoar
956 2648 1224 2714 naunmrssrrm,

650 2775 681 2830 S.
711 2781 743 2828 P.
771 2783 806 2828 D.

476 2863 478 2866 ’
515 2895 612 2960 mc.
643 2897 953 2962 Paarzourus.

185 3016 238 3102 Iu
262 3049 438 3122 angustum
465 3041 593 3122 oppido
623 3048 782 3121 coguntur
815 3039 939 3103 dudum
964 3039 1072 3121 magis
1101 3039 1274 3122 magisque

61 3160 65 3170 “
185 3139 370 3204 communia
385 3139 481 3205 nobis
497 3141 663 3205 literarum
679 3161 788 3219 sacra,
804 3148 844 3205 ut
859 3141 942 3207 adeo
957 3141 1059 3225 pauci
1070 3140 1141 3223 jam
1157 3159 1273 3222 super-

185 3242 252 3304 sint
265 3243 352 3306 casti
365 3262 476 3306 eornm
491 3244 694 3320 sacerdotes,
709 3252 743 3307 et
764 3243 799 3306 hi
815 3245 894 3325 ipsi,
916 3251 954 3306 ut
969 3243 1129 3306 saeculum
1145 3247 1209 3318 est,
1224 3249 1276 3306 ut·

182 3361 251 3424 que
273 3343 309 3405 in
339 3363 380 3406 eo
403 3345 566 3409 vilescunt
588 3345 701 3410 ubivis
724 3346 823 3408 bonae
848 3349 950 3420 artes,
973 3344 1073 3406 etiam
1099 3343 1275 3424 pauciores

185 3461 326 3505 numero
341 3443 434 3506 brevi
447 3445 623 3508 videantur
632 3445 747 3509 saturi:
770 3462 848 3506 nam
862 3443 939 3524 quis
953 3443 1054 3506 facile
1068 3441 1274 3504 laboriosum

185 3555 334 3629 prorsus,
350 3543 407 3606 sed
427 3544 492 3607 sibi
506 3545 607 3608 ferme
621 3547 735 3609 inutile
751 3564 792 3609 ac
806 3545 951 3628 spretum
964 3543 1114 3626 publice,
1129 3543 1275 3606 tentabit

172 3645 344 3728 ·deinceps
358 3644 530 3708 studiumi
553 3647 711 3710 innostra
730 3654 799 3710 tam
820 3646 922 3709 latum
945 3651 1078 3728 patente
1093 3643 1274 3709 Germania

185 3747 261 3828 quis
278 3746 351 3828 J’am
373 3765 463 3808 nunc
485 3765 542 3827 per
567 3765 679 3810 omnes
694 3766 791 3829 paene
806 3737 1019 3821 Academias,
1033 3745 1093 3808 ubi
1108 3745 1169 3808 abs
1184 3751 1217 3807 te
1238 3751 1274 3806 et

184 3848 397 3929 paucissimis
413 3847 491 3910 aliis
506 3847 720 3925 discedimua
735 3849 851 3912 existit
865 3847 1021 3928 amplius,
1037 3847 1096 3928 qui
1112 3843 1227 3908 sedulo
1241 3850 1274 3914 et

184 3947 351 4011 bonafide
366 3949 574 4012 humaniores
588 3947 664 4011 illas'
677 3953 805 4013 tueatur
818 3950 946 4025 literas,
961 3955 994 4012 et
1014 3945 1178 4028 rugientes
1193 3943 1271 4008 inde

186 4046 307 4112 Musas
331 4050 449 4113 morari
474 4049 612 4126 studeat,
628 4069 667 4113 aa
691 4050 862 4132 pristinam
885 4049 1023 4112 retinere
1046 4044 1190 4126 antiquae
1214 4043 1273 4107 dm

85 4237 87 4241 v
170 4146 262 4212 imus
275 4149 440 4230 gloriani
464 4149 594 4214 Floruit
608 4149 677 4228 illa,
694 4170 767 4214 cnm
783 4149 956 4233 Agricolas
970 4149 1121 4228 haberet,
1137 4149 1272 4216 Rhena-
