3120 4950
324 369 368 434 ΞΒ
582 385 661 434 JAO.
686 383 881 436 ultumam!
907 381 1156 435 nissununuto

324 530 495 613 ‘quinque
516 529 550 592 iu
566 548 669 592 unum
685 528 872 609 redegisse'
895 529 964 605 ait,
978 529 1012 592 id
1038 549 1119 594 vero
1142 529 1224 594 levis
1248 533 1415 595 octennis

325 637 378 696 est
396 630 637 712 discrepantiae,
653 649 728 694 cum
745 631 922 694 fociilimus
937 639 973 693 et
991 632 1205 696 creberrimus
1221 631 1255 694 in
1273 635 1416 696 numetis

325 731 532 796 librariorum
562 731 606 794 sit
626 731 764 814 lapsus:
787 740 826 794 ut
845 731 930 794 adeo
952 749 1089 813 prorsus
1110 740 1235 814 putem,
1251 731 1307 795 vel
1323 733 1416 815 apud

326 830 466 895 Suidam
487 831 661 912 legendum
675 829 753 907 δίκα,
768 833 821 894 vel
842 833 955 913 potius
971 833 1060 915 a‘pod
1083 833 1293 916 Septimium,
1315 833 1418 895 ‘resi-

327 931 394 994 dua
409 929 573 1014 quatuor!

241 1085 252 1102 ,
369 1049 434 1096 vu.
458 1032 615 1113 Denique
627 1032 726 1097 sicuti
741 1039 856 1098 nostor
871 1034 994 1117 Dictys
1007 1034 1121 1116 seipse
1133 1034 1182 1096 ait
1195 1049 1228 1096 v.
1247 1035 1296 1098 17.
1312 1035 1419 1116 scrip:

328 1133 414 1196 sisse
429 1133 495 1196 hoc
519 1152 606 1214 opus
631 1133 755 1197 ‘litenis
776 1133 917 1198 Punicis
933 1136 976 1198 ab
1002 1133 1132 1198 Cadmo
1155 1135 1337 1216 Danaoque
1354 1139 1420 1197 tra-

328 1231 429 1308 ditis,'
452 1234 501 1296 sic
516 1241 551 1296 et
565 1233 707 1298 Graccus
722 1234 875 1316 Scriptor
896 1237 929 1298 in
953 1235 1200 1315 Prolegomenis
1216 1225 1421 1309 Rhetoricis,

328 1332 452 1395 citatus
467 1334 511 1396 ab
535 1331 660 1396 Ailatio
683 1333 724 1396 do
750 1334 866 1398 Patria
881 1334 935 1398 59.
978 1332 1142 1416 ‘Dictyn’
1168 1333 1337 1410 Graecum,
1359 1351 1421 1396 seu

329 1431 543 1510 ‘Gnossium,
558 1436 713 1498 comitem
729 1432 923 1508 Idomenei,'
949 1434 1061 1510 tradit,
1075 1432 1248 1518 συγγράψαι
1270 1436 1318 1496 eb
1333 1441 1424 1518 Τρωϊ-

333 1533 380 1595 κὸν
394 1531 516 1615 πόλιμον
533 1532 666 1596 Φοινίκων
680 1533 861 1619 γραμμᾶσιν,
877 1532 1063 1610 οἷςἝλληνις
1077 1531 1143 1597 τότε
1157 1535 1210 1596 ἀπὸ
1228 1534 1345 1614 Κάδμου
1361 1545 1423 1613 pu*

330 1633 420 1707 θόντις
436 1629 572 1720 ὄχρῶὶτο,
595 1637 797 1717 ‘scripsisse
818 1636 1001 1720 'lbojanum
1019 1635 1141 1699 bellum
1162 1633 1423 1698 literis'Pboeni·

331 1753 420 1811 cum,
433 1737 555 1817 quibus
567 1734 679 1800 Graeci
691 1743 772 1800 tunc
787 1735 950 1800 aGadmo
965 1737 1119 1818 acceptis
1135 1731 1329 1800 utebantur!
1372 1733 1425 1801 De

330 1835 383 1896 his
399 1835 503 1898 literis
519 1854 655 1916 agemus
669 1835 837 1920 deinceps,
846 1835 982 1920 quando
993 1837 1222 1919 probabimus,
1231 1835 1424 1916 neutiquam

332 1934 439 1998 fuisse
463 1945 631 1998 auctorem
657 1943 806 1998 nostrum
826 1937 981 2017 Trojanis
1007 1937 1215 2017 temporibus
1243 1935 1422 2017 tequaiem,

332 2033 423 2116 quod
445 2053 515 2116 pree
537 2053 575 2097 se
602 2035 675 2098 fert.
721 2034 821 2098 Nunc
846 2034 967 2098 sufficit
991 2043 1106 2098 nostro
1126 2034 1290 2112 instituto,
1313 2035 1426 2101 declu-

332 2157 425 2202 resse
433 2140 532 2203 etiam
548 2139 664 2202 harum
676 2139 843 2202 literarum
856 2143 1058 2220 argumento,
1072 2138 1208 2220 Dictyn,
1220 2155 1289 2219 qno
1299 2135 1423 2214 Gracci,

334 2247 370 2303 et
385 2259 452 2322 quo
467 2240 650 2323 Septimius
664 2240 720 2304 hic
735 2247 789 2304 est
801 2259 895 2316 usuS,
903 2239 1008 2302 fuisse
1020 2240 1173 2303 eundem.

378 2357 460 2404 vm.
484 2341 552 2405 Sed
567 2342 620 2404 vel
635 2342 779 2405 maxime
801 2340 836 2404 id
850 2342 955 2424 liquet
969 2359 1014 2404 ex
1035 2341 1058 2404 J
1061 2340 1117 2404 ob.
1141 2338 1281 2416 Melete,
1299 2339 1328 2402 si
1348 2345 1425 2403 cum

333 2447 449 2504 nostro
465 2441 653 2505 conferatur
668 2439 844 2523 Septimio
855 2441 891 2503 in
912 2441 968 2516 iis,
984 2459 1060 2521 qnae
1083 2460 1126 2503 ex
1150 2440 1274 2523 Dictys
1289 2457 1327 2502 se
1342 2439 1427 2504 bau-

335 2541 422 2603 sisse
437 2541 613 2622 profitetur.
657 2539 753 2603 Adeo
767 2543 854 2602 enim
869 2547 1057 2621 congruunt
1078 2540 1188 2616 isthic,
1211 2559 1277 2604 non
1299 2540 1334 2602 in
1347 2540 1428 2604 ¹bis-

336 2641 458 2702 toriam
470 2644 618 2715 tantum,
634 2639 694 2702 sed
715 2649 750 2703 et
770 2641 805 2702 in
827 2640 977 2704 ordinem
998 2659 1102 2704 rerum
1126 2660 1167 2704 ac
1181 2641 1372 2716 verborum,
1388 2649 1429 2704 ut

334 2759 450 2804 oaecus
466 2759 542 2804 esse
562 2739 684 2804 debeat
705 2748 765 2805 aunt
787 2741 986 2819 obstinatus,
1001 2744 1058 2825 qui
1077 2749 1188 2824 neget,
1204 2741 1300 2805 illum
1324 2739 1429 2804 babu-

337 2841 406 2904 isse
434 2845 593 2917 nostrum,
624 2840 685 2904 sed
713 2841 871 2906 Graecum
900 2849 1021 2920 tamen,
1045 2843 1168 2926 Dictys
1195 2849 1274 2906 ante
1299 2841 1428 2905 oculos.

338 2941 531 3024 specimina
546 2941 700 3030 quaedam
709 2937 920 3024 ‘proferemus
936 2963 1028 3021 mox,
1045 2952 1080 3007 ut
1094 2943 1322 3020 ostendamus,
1345 2943 1430 3024 Sep·

338 3043 468 3105 timium
484 3061 527 3105 ex
544 3041 665 3106 Graeco
680 3043 808 3125 Dictys
822 3043 909 3108 banc
925 3045 1145 3108 concinnasse
1158 3042 1364 3106 Versionem.

384 3157 439 3204 tx.
464 3142 572 3205 Multa
588 3150 699 3205 tamen
714 3151 749 3206 et
770 3144 838 3206 alia
860 3144 972 3220 habet,
988 3163 1064 3226 quse
1080 3144 1167 3226 apud
1186 3143 1349 3206 Nostrum
1364 3162 1433 3206 uon

259 3318 263 3326 v
338 3251 543 3325 comparent,
557 3244 660 3306 muita
685 3245 787 3307 etiam
811 3244 916 3308 aliter.
961 3244 1089 3307 Prioris
1115 3244 1243 3324 generis
1262 3248 1339 3306 sunt
1353 3245 1435 3306 ensa

339 3350 488 3406 ractores
510 3342 801 3425 etdescriptiones
833 3343 1337 3426 Graecorum‘Trojanorumque
1360 3343 1435 3406 Du-

339 3459 473 3506 cumae
490 3439 831 3526 Matronarum,quas
857 3443 1015 3518 MaieIaS,
1040 3451 1073 3506 et
1095 3441 1216 3507 isacus
1239 3443 1434 3526 Porphyro-

341 3544 470 3620 genitus
491 3544 612 3631 pariter
627 3563 669 3606 ex
687 3544 809 3626 Dictye
826 3546 986 3610 sumsisse
1001 3565 1036 3608 se
1051 3545 1196 3620 tradunt,
1218 3545 1299 3609 licet
1313 3546 1380 3627 ipsi
1400 3547 1434 3608 in

341 3640 453 3701 verbis
475 3642 616 3704 multum
642 3661 778 3726 quoque
795 3646 881 3707 inter
903 3664 939 3708 se
964 3665 1054 3727 saepc
1077 3647 1211 3722 diversi,
1227 3653 1261 3710 et
1286 3663 1373 3728 quas
1398 3646 1436 3708 in

303 3765 306 3772 v
342 3743 460 3800 nostro
481 3738 601 3820 Dictys
614 3739 901 3824 frustra-quaeras:
926 3765 994 3827 quo
1011 3753 1203 3826 argumento
1218 3746 1328 3810 Janus
1343 3741 1435 3809 Rut-

342 3838 471 3919 gersius
485 3836 568 3901 Vur.
591 3840 686 3905 Lect.
704 3860 736 3906 v.
759 3843 813 3907 20.
837 3845 895 3908 ubi
920 3847 1013 3912 Isaci
1034 3846 1196 3929 Porphyr.
1211 3846 1434 3911 characteres

341 3957 387 4001 ex
403 3937 497 4002 Msto
519 3935 835 4012 Amstelsedameusi
850 3949 992 4028 exhibet,
1005 3969 1080 4014 oum
1096 3955 1211 4014 censet
1225 3953 1236 3984 ‘
1248 3955 1306 4012 aut
1318 3948 1435 4022 alium,

341 4057 446 4127 quum
468 4059 529 4102 nos
554 4041 732 4123 habemus,
749 4047 906 4114 habuisse
931 4053 1079 4134 Dictym,
1103 4058 1162 4116 aut
1182 4045 1436 4129 memoria-‘lup-
