3112 4950
434 386 482 430 ns
509 384 637 432 exoro.
661 383 789 432 rnorm
813 384 964 432 nrs'roa.
1141 351 1144 357 ’
1179 369 1244 435 299

148 533 327 608 rogaverat
350 527 451 603 misit,
470 529 528 610 qui
551 547 628 591 eum
653 527 723 590 suis
747 525 939 590 homiuibus
963 545 1040 588 cum
1065 525 1244 602 venissent,

147 629 290 710 profecti
312 630 445 692 suntin
472 629 668 713 Phrygiam:
692 635 725 692 et
748 628 791 691 ad
814 627 950 708 Sigeum
972 633 1072 690 noctu
1097 646 1245 692 accesse-

148 737 231 793 runt.
276 729 359 796 Inde
376 729 550 805 Hercules,
573 729 746 806 Telamon,
768 734 801 792 et
816 727 939 791 Peleus
953 729 1141 792 exercitum·
1153 749 1172 792 e
1186 749 1244 794 ua·
1291 745 1300 768 ⁸

145 833 246 894 uibus
262 831 470 896 eduxerunt:
486 835 543 916 qui
560 852 637 896 vero
651 831 811 915 praesidio
822 837 943 907 essent,
960 829 1147 906 Castorem,
1162 829 1244 894 Pol·
1270 873 1275 882 ,

145 933 268 1010 lucem,
285 941 317 998 et
333 934 534 998 Nestoremp
550 935 767 1016 reliquerunt.
792 932 988 996 Laomedon
1004 951 1082 995 cum
1096 933 1243 1014 equestri

145 1036 245 1116 copia
260 1036 303 1098 ad
318 1055 407 1098 mare
424 1037 524 1112 venit,
541 1044 576 1098 et
592 1037 699 1118 coepit
715 1034 873 1118 praeliari.
917 1033 1085 1096 Hercules
1102 1031 1145 1096 ad
1159 1031 1243 1096 Tro·

138 1137 212 1218 jam
228 1138 321 1212 ierat,
346 1145 381 1200 et
405 1136 629 1219 imprudentes
645 1137 703 1218 qui
729 1143 819 1199 erant
840 1135 873 1197 iu
896 1135 1023 1218 oppido
1050 1153 1243 1217 oppugnare

145 1239 260 1321 ooepit.
304 1237 405 1318 Quod
421 1239 478 1301 ubi
491 1237 709 1302 Laomedonti
726 1238 795 1318 regi
807 1237 993 1300 nuntiatum
1007 1241 1067 1307 est,
1077 1235 1243 1318 oppidum

143 1341 187 1402 ab
203 1340 356 1404 hostibus
372 1341 569 1422 oppugnari,
586 1340 688 1403 ilium
705 1339 784 1403 ilico
799 1338 994 1402 revertitur:
1018 1343 1053 1400 et
1072 1337 1107 1400 in
1127 1337 1242 1400 itinere

145 1443 264 1506 obvius
281 1443 411 1506 Graecis
426 1443 545 1516 factuS,
560 1443 602 1505 ab
620 1441 765 1504 Hercule
782 1439 955 1504 occiditur.
999 1439 1162 1503 Telamon
1177 1437 1243 1520 pri·

143 1551 221 1606 mus
235 1542 419 1626 oppidumq
432 1542 535 1605 Ilium
549 1543 706 1606 intravit:
723 1541 778 1605 cui
796 1539 963 1604 Hercules
974 1540 1106 1606 uirtutis
1122 1547 1243 1604 causa.r

145 1643 331 1708 Hesionam
355 1644 597 1709 Laomedontis
619 1646 706 1728 regis
728 1643 832 1707 filiam
847 1643 937 1707 douo
954 1643 1057 1706 dedit.
1101 1641 1241 1704 Laome·

143 1745 253 1810 doniis
267 1747 328 1810 filii
342 1749 399 1829 qui
417 1768 491 1812 oum
507 1768 546 1811 eo
562 1755 658 1812 erant
672 1747 877 1811 occiduntur.
913 1746 1070 1810 Priamus
1086 1745 1120 1806 iu
1136 1741 1242 1824 Phry-

143 1847 197 1928 gia
213 1856 305 1926 erat,⁸
326 1851 384 1912 ubi
400 1869 472 1912 eum
490 1849 683 1913 Laomedon
699 1848 773 1932 ejus
796 1856 892 1929 pater
907 1846 1067 1910 exercitui
1082 1843 1241 1926 praefece-

142 1955 201 2012 rat.
248 1951 415 2016 Hercules
435 1953 542 2034 etqui
565 1972 641 2014 cum
666 1971 705 2014 eo
733 1954 888 2013 venerant
911 1947 1060 2030 praedam
1086 1963 1240 2026 magnam

141 2049 303 2130 fecerunt,
325 2061 361 2117 et
385 2055 428 2117 ad
454 2073 559 2118 naves
574 2054 844 2136 deportaverunt.
889 2049 973 2114 lude
989 2049 1122 2113 domum
1139 2044 1260 2132 profi-⁴

142 2151 225 2216 cisci
240 2155 464 2218 decreverunt.
493 2153 554 2238 [4.]
568 2155 730 2218 Telamon
741 2152 930 2216 Hesionam
946 2171 1061 2216 secum
1072 2150 1239 2214 convexit

143 2253 222 2317 Hoc
238 2256 296 2318 ubi
312 2255 445 2318 Priamo
468 2239 660 2320 nuntiatum*
673 2263 738 2333 est,
758 2263 888 2340 patrem
904 2255 1066 2330 occisum,
1083 2253 1175 2315 cives
1190 2249 1239 2312 di-

141 2361 266 2438 reptos,
281 2357 427 2439 praedam
443 2365 605 2435 avectam,
627 2357 815 2422 Hesionam
838 2374 983 2419 sororem
1005 2354 1092 2418 dono
1114 2352 1238 2426 datam,

635 2595 744 2644 NOTAE

174 2729 186 2762 Ρ
205 2722 333 2786 Castorem,
351 2724 481 2785 Polluces,
495 2729 518 2772 et
534 2723 671 2787 Nestorem]
712 2729 833 2772 auctores
854 2727 973 2770 secutus:
999 2733 1058 2768 narn
1076 2718 1118 2767 alii
1135 2731 1192 2766 eum
1206 2719 1238 2768 ab

141 2799 292 2861 Apollodor.
314 2800 406 2849 scribit
429 2800 531 2850 Oiclem
553 2801 671 2850 relictum
711 2799 825 2848 Hercule
837 2797 969 2860 captivum
982 2793 1077 2844 factam
1094 2800 1239 2844 narrantet

140 2873 231 2930 fuisse,
244 2882 272 2923 ut
281 2890 359 2924 naves
373 2883 512 2925 tutaretur.
711 2874 744 2940 ab
757 2875 871 2924 Hesiona
883 2885 969 2920 sorore
983 2870 1126 2920 liberatum.
1160 2867 1240 2932 Apol·

172 2957 184 2991 ‘1
195 2951 304 2998 Telamon
310 2953 402 3014 primm
409 2954 526 3015 oppidum,
535 2953 586 3016 aa]
596 2953 670 3002 Idem
710 2951 792 3000 lodor.
802 2963 834 2998 rr.
868 2948 992 3010 Suspicor
1002 2947 1051 2996 boc
1062 2947 1175 2996 barisisse
1186 2948 1239 2996 Da·

139 3025 321 3088 Apollodorus,
331 3040 361 3074 ιι.
374 3027 506 3091 additque,
515 3028 541 3076 ld
554 3043 623 3092 aegre
633 3029 670 3078 se·
712 3035 793 3076 retem
806 3039 838 3074 ex
850 3025 928 3074 Hom.
940 3023 972 3072 lt.
983 3029 1008 3072 Γ.
1020 3021 1061 3070 ubi
1075 3023 1190 3071 Priamus
1201 3022 1239 3070 di·

139 3109 238 3150 rentem
260 3103 400 3150 Herculem
420 3111 493 3150 recta
505 3103 536 3151 ad
554 3105 670 3154 Telamo·
711 3104 755 3163 cit,
766 3117 793 3151 se
805 3101 864 3150 olim
881 3101 905 3148 in
923 3099 1037 3162 Phrygia
1054 3109 1145 3148 contra
1162 3099 1239 3147 Ama·

138 3193 197 3227 neni
215 3177 301 3238 ivisse,
314 3185 342 3226 ut
359 3192 417 3226 curm
430 3178 579 3238 occideret3
601 3180 669 3242 quod
710 3193 785 3226 zonas
807 3189 950 3239 pugnasse:
978 3176 1035 3236 ejus
1058 3175 1136 3221 verbs
1157 3181 1237 3222 sum:

139 3270 196 3304 cnm
209 3255 331 3304 Telamon
345 3253 580 3309 animadvertisset,
594 3269 669 3318 prox·
706 3252 767 3310 Ἤδη
775 3251 814 3299 καὶ
823 3249 922 3314 Φρυγίην
930 3248 1054 3306 eiciantur
1062 3247 1239 3311 sarcasmo,

138 3334 203 3380 imos
213 3345 326 3394 quosque
336 3329 435 3393 lapides
445 3331 567 3394 colligere
579 3345 668 3394 aggre·
704 3329 777 3378 ΙἜνθα
786 3329 837 3376 llos
847 3325 977 3375 πλείστους
983 3323 1084 3388 Φρύγας,
1096 3323 1178 3388 ἀνέρας
1190 3325 1238 3374 cic·

137 3408 217 3462 ditur,
245 3405 405 3468 Herculique
433 3405 554 3469 quidnam
579 3412 668 3468 ageret
707 3406 838 3469 λοπόλονς,
851 3402 926 3454 nmis
942 3405 1042 3468 Ὀτρῆος
1058 3403 1097 3452 sal
1115 3403 1239 3466 Μύγδονος

139 3481 319 3544 percunctanti
339 3481 482 3543 respoudit,
499 3497 527 3531 se
542 3497 611 3530 aram
624 3497 667 3530 ex·
707 3481 831 3542 ἀντιθέοιο,
847 3479 878 3528 Ol
893 3480 923 3541 ῥα
936 3479 986 3528 τότ’
1006 3479 1168 3542 ἐστρατόωντο
1186 3495 1241 3543 παρ’

138 3559 220 3607 citare
232 3557 341 3606 Herculi
353 3554 499 3620 Καλλινόκῳ,
511 3556 598 3620 idest,
612 3557 666 3622 pul·
707 3557 778 3620 ὄχθαι
790 3556 944 3621 Σαγγαρίοιο,
955 3555 1001 3606 Καὶ
1015 3556 1064 3619 γὰρ
1075 3558 1136 3619 ἐγὼν
1147 3557 1238 3608 ἑτόιιον-

138 3637 201 3683 cbro
214 3633 313 3682 victori.
707 3655 746 3701 ρος
757 3637 800 3686 ἐὼν
809 3635 869 3696 μετὰ
879 3637 955 3683 τοῖσιν
966 3632 1081 3699 ἐλέχθην,
1088 3635 1178 3696 Ἤματι
1194 3639 1237 3698 τῷ,

171 3720 180 3744 ¹
199 3711 244 3760 Gai
256 3711 372 3759 Hercules
382 3710 479 3759 virtum
488 3710 570 3773 ceusu]
590 3711 669 3774 Apol·
709 3713 750 3762 lire
761 3712 833 3771 ἦλθον
843 3710 972 3774 Ἀμαζόνες
982 3709 1131 3776 ἀντιάνειρα.
1163 3712 1237 3763 ‘dam

137 3789 220 3839 lodor.
247 3791 369 3849 Τελαμῶνι
378 3788 494 3851 ἀριστεῖον
505 3787 616 3846 Ἡσιόνην
625 3790 671 3846 τὴν
710 3792 769 3840 olim
778 3791 918 3854 Phrygiam
931 3791 1025 3840 intravi
1038 3789 1177 3846 vitiferam,
1186 3789 1239 3837 Ubi

138 3865 297 3926 Λαομέδοντος
322 3863 437 3929 θυγατέρα
461 3865 547 3914 δίδωσι.
575 3865 669 3914 ‘Tela
710 3866 866 3915 vidimultos
876 3867 994 3928 Phrygas
1002 3875 1118 3915 strenuos
1129 3865 1239 3926 equites,

138 3933 206 3992 taoni
235 3944 367 4006 praemium
397 3943 499 3990 virtutis
528 3941 667 3990 Hesionam
709 3943 825 4006 Populos
843 3941 920 3990 Otrei
939 3947 966 3990 et
978 3940 1116 4004 Mygdonis
1127 3941 1238 4002 augusti,

138 4009 320 4068 Laomedontis
329 4018 405 4067 liliam
418 4016 508 4066 dedit!
709 4019 759 4070 eri
773 4027 834 4068 trine
847 4017 980 4064 bellabant
992 4015 1024 4064 ad
1034 4015 1103 4078 ripas
1112 4015 1239 4078 sangarii,
1323 4055 1324 4058 ,

169 4093 528 4158 ⁸Priamusmparygaaat]
546 4090 668 4140 Abfuisao
708 4093 797 4158 Atque
815 4107 863 4155 ego
883 4089 1015 4140 auxiliaris
1036 4089 1148 4138 existens
1168 4089 1237 4138 inter

137 4173 279 4234 Priamum,
305 4185 362 4222 curn
383 4173 485 4236 Trojam
509 4171 669 4234 expugnavit
709 4185 752 4219 eos
768 4177 918 4219 numeratus
935 4167 982 4229 foi,
1001 4168 1053 4216 Die
1071 4167 1115 4216 illo
1134 4167 1236 4230 quando

138 4249 276 4312 Hercules,
296 4249 360 4299 dicit
379 4251 474 4311 Dares,
495 4249 582 4298 nescio
603 4262 665 4311 quos
710 4254 833 4294 venerunt
845 4244 987 4293 Amazones
999 4241 1145 4305 viragines!
