3178 4948
303 376 368 440 108
655 385 817 440 niceros
842 383 1049 432 conuersis

303 553 366 618 per
391 531 531 598 dolum⁸
564 532 690 612 legatos
722 527 995 594 circumveniant.
1039 523 1235 590 Credebant
1264 511 1418 611 quippe)

304 633 395 716 quod
409 653 477 696 non
491 632 615 696 frustra
637 651 698 696 eos
718 629 862 705 babuit,⁹
885 628 915 692 si
935 627 1037 709 legati
1058 627 1254 709 imperfecto
1268 630 1408 710 negotio

304 736 527 809 revertissent,
549 733 618 796 sore
632 733 682 796 uti
700 731 876 795 adversum
890 749 927 792 se
942 728 1066 810 grande
1083 729 1238 810 praelium
1253 730 1408 793 concita-

304 843 403 898 retur.
447 834 555 920 Igitur
567 832 729 908 Antenor,
752 831 850 912 cujus
874 829 1118 893 desunctitate
1142 849 1273 892 morum
1300 849 1408 913 snpra

304 935 572 1009 memoravimus,
597 934 770 998 Priamum
797 932 963 1008 convenit,
984 930 1313 1012 conjurationemque
1334 931 1409 996 fac·

304 1043 373 1100 tam
395 1037 623 1118 conqueritur:
646 1035 735 1098 lilios
756 1033 883 1116 qnippe
908 1031 982 1113 ejus
1004 1049 1073 1094 non
1098 1031 1233 1112 legatis,
1256 1021 1318 1094 sed
1344 1033 1420 1096 ad-·

304 1155 421 1200 versus
447 1143 514 1199 sew
535 1135 674 1198 insidias
698 1153 827 1218 parare,
847 1152 958 1216 neque
980 1132 1015 1196 id
1038 1151 1076 1196 so
1096 1150 1296 1214 passurum:
1326 1133 1408 1198 dein

304 1256 374 1300 non
386 1236 491 1300 multo
505 1243 583 1318 post
597 1233 714 1316 legetis
728 1253 798 1299 rem
810 1235 926 1318 aperit.
969 1233 1023 1304 lta
1036 1232 1223 1314 exploratis
1235 1233 1408 1311 omnibum

307 1335 458 1400 adhibito
487 1335 659 1418 praesidio,
684 1335 929 1416 cumprimum
954 1339 1176 1416 opportunum
1201 1333 1315 1398 visum
1343 1341 1409 1413 est,

306 1437 487 1500 inviolatos
518 1455 577 1500 eos
610 1436 756 1500 dimittit.
809 1434 889 1516 [la]
919 1433 1012 1498 Dum
1040 1433 1116 1497 haec
1146 1433 1237 1516 apud
1264 1429 1409 1518 Trojam

308 1545 460 1617 aguntur,
483 1538 698 1602 disseminata
715 1537 791 1620 jam
814 1555 875 1618 per
898 1535 1090 1599 universam
1111 1532 1281 1600 Graeoiam
1300 1534 1408 1613 fama,

308 1655 422 1700 omnes
444 1637 642 1719 Pelopidee¹
663 1639 698 1702 in
720 1657 820 1700 unum
844 1635 1058 1713 conveniunt,
1080 1641 1182 1718 atque
1205 1636 1410 1719 interposita

303 1735 519 1818 jurisjurandi
540 1737 723 1820 religione,y
745 1739 778 1800 ni
796 1735 929 1800 Helene
942 1755 1019 1800 oum
1039 1736 1189 1819 abreptis
1204 1735 1410 1814 redderetur,

309 1836 431 1900 bellum
453 1857 491 1901 se
514 1837 650 1901 Priamo
678 1838 832 1902 illaturos
853 1834 1058 1899 confirmant.
1101 1837 1220 1918 Legati
1245 1837 1411 1902 Leoedaer·

310 1946 463 2001 monam¹
489 1937 644 2017 redeunt;
674 1938 716 2001 de
734 1937 877 2013 Helena,
898 1935 1039 2019 ejusque
1055 1937 1243 2016 voluntate,
1264 1945 1409 2003 nument.

276 2077 279 2084 -
310 2037 402 2100 Dein
424 2037 549 2102 Priami
571 2038 781 2122 filiorumque
803 2038 877 2120 ejus
907 2037 1083 2102 adversum
1112 2057 1148 2101 se
1179 2039 1272 2104 dicta
1296 2039 1412 2121 gestass

310 2157 397 2220 que;
434 2138 558 2218 grande
588 2141 792 2220 praeconium
820 2137 900 2202 fidei
930 2157 1009 2220 erga
1035 2138 1166 2219 legatos
1194 2138 1411 2204 Antenoris¹

310 2237 537 2318 praeferentes.
590 2237 678 2316 Quae
701 2240 761 2303 ubi
783 2257 958 2321 accepere,
980 2239 1183 2303 decernunt²
1213 2243 1263 2304 uti
1286 2243 1412 2324 singuli

310 2339 344 2402 iu
365 2340 435 2404 suis
456 2340 541 2404 locis
564 2347 666 2422 atque
690 2339 841 2423 imperiis
866 2358 949 2421 opes
970 2339 1050 2402 belli
1071 2346 1199 2423 parent.
1241 2341 1412 2422 igiturex

311 2440 448 2504 concilii
468 2443 643 2518 sententia,
666 2448 871 2524 opportunus
889 2441 984 2504 locus
1007 2439 1051 2502 ad
1075 2441 1351 2520 conveniendum,
1375 2451 1412 2508 et

311 2542 347 2608 iu
377 2562 445 2625 qno
474 2541 516 2606 de
544 2549 709 2624 apparatu
734 2543 812 2606 belli
835 2550 1000 2624 ageretur,
1027 2532 1109 2623 Argi
1131 2543 1311 2607 Diomedis
1337 2563 1412 2627 reg·
1444 2613 1446 2618 ,

312 2875 331 2920 9
347 2869 418 2920 Ante
438 2867 521 2918 misus
538 2867 629 2918 inserit
646 2869 740 2933 Delph.
761 2869 940 2920 confflem-l
959 2869 1054 2934 Delpb.
1066 2869 1293 2922 nordmanna-2
1310 2875 1412 2940 Delpb.

808 3047 914 3100 boum

345 3169 361 3193 '
378 3159 427 3210 Sed
446 3160 556 3208 mensus
571 3160 607 3224 ee]
626 3159 730 3224 Quippe
744 3159 788 3226 qui
803 3161 840 3210 le·
880 3174 908 3210 se
929 3159 1024 3226 Dictys
1044 3161 1161 3226 protulit,
1183 3170 1274 3214 contra
1292 3173 1412 3218 veterum

314 3245 388 3301 gatos
401 3235 511 3298 hospitio
522 3236 678 3299 excepisset.
710 3236 769 3286 Non
788 3243 839 3285 tero
879 3238 1080 3300 auctoritatem
1095 3236 1164 3300 apud
1176 3251 1242 3302 quos
1257 3239 1295 3288 bis
1307 3247 1412 3292 tautum

313 3314 408 3377 legetis
420 3312 537 3375 iujuriam
552 3327 629 3376 quarn
644 3312 692 3362 sibi
703 3311 759 3361 lieri
771 3312 840 3362 erbi-
881 3311 1272 3376 Grrecururnducescoujurasse
1281 3318 1412 3379 reperiam

313 3391 440 3441 trahetur.
466 3389 840 3454 Similiaiubospirespletatis
880 3386 969 3450 semel,
986 3394 1123 3452 antequem
1143 3387 1268 3438 Helenam
1287 3391 1412 3444 Menelao

312 3467 433 3530 exempla
454 3465 480 3514 in
502 3466 633 3515 veteribus
654 3466 747 3529 possim
769 3467 841 3514 inve·
881 3464 1061 3524 collocaretur,
1072 3464 1145 3528 eujus
1153 3464 1321 3528 jurisjurandi
1333 3469 1412 3534 Ulys-

313 3543 386 3602 niss3
415 3539 546 3603 precipue
574 3542 600 3589 ln
629 3542 716 3591 Sacris
746 3541 841 3590 literis
881 3541 1147 3591 ussuomrdleitur:
1161 3537 1340 3604 Apollodrrr.
1354 3541 1412 3610 Hy-

314 3617 377 3664 Vet.
391 3615 559 3664 Testamenti.
881 3614 934 3677 giu.
957 3615 1022 3664 Feb.
1043 3618 1085 3664 78.
1103 3624 1131 3664 et
1148 3614 1252 3678 iterum,
1269 3617 1411 3684 postquem*

345 3699 358 3724 ¹
377 3693 465 3738 omues
474 3689 603 3753 Pelopida]
619 3691 691 3743 Quos
701 3703 761 3740 mex
772 3699 842 3740 coms
882 3688 967 3753 Argos
976 3691 1167 3754 convenissent,
1179 3700 1239 3740 cnm
1248 3705 1276 3742 se
1288 3702 1413 3747 nocente

314 3765 478 3818 memorabit.
881 3764 984 3816 domum
1004 3759 1412 3834 siramrevsiserosmssssdrs.

346 3853 356 3888 r
374 3841 519 3906 Interposito
533 3839 694 3903 bassianus
713 3839 843 3904 religione]
877 3842 932 3905 jans
954 3840 1150 3905 subvertissent,
1164 3839 1248 3906 jurati
1268 3851 1339 3897 sunt.
1370 3843 1413 3899 De

314 3921 410 3986 Dictys
426 3918 530 3968 vldetnr
546 3919 654 3967 innuere
671 3918 751 3967 semel
763 3917 843 3966 duces
881 3931 934 3982 quo
943 3917 1036 3968 Horat.
1046 3931 1065 3970 r.
1080 3917 1132 3970 od.
1147 3923 1188 3969 1⁵.
1206 3919 1312 3973 ‘Quam
1328 3925 1414 3975 rnulto
1437 3957 1440 3962 -

314 3999 464 4062 conjurasse
479 3995 556 4044 domo
572 3993 688 4042 Menelai
705 3999 842 4058 antequam
881 3994 1413 4059 repetetGrascismillte‚coujurststuss'

314 4075 399 4138 Argos
417 4065 603 4130 convenireut3
620 4075 647 4118 et
663 4064 842 4120 lterum'srrte·
882 4081 1002 4132 nmpere
1018 4066 1301 4134 nuptins‚1dtregnurn
1313 4073 1413 4124 Priami

316 4163 393 4213 qnam
401 4147 433 4196 sd
442 4145 569 4210 parendus
577 4157 641 4209 opes
649 4143 749 4194 militia
759 4145 785 4194 in
796 4157 843 4196 sua
883 4142 977 4196 vetus.¹

316 4235 397 4288 regua
414 4220 585 4272 discederent.
617 4220 716 4272 Verum
729 4220 805 4284 ¹istud
826 4236 842 4272 a
913 4229 924 4283 ff
939 4222 1080 4288 Antenoris]
1096 4221 1330 4276 desineremus.
