3136 4948
571 379 692 428 sonsa
714 377 863 430 rnoron.
921 394 923 402 s
1237 362 1281 430 ⁷1

190 550 341 616 pauper:
364 538 401 596 at
430 531 569 614 Begero,
595 533 743 598 'lioicoc
771 533 826 598 40.
855 530 991 598 Hector.
1034 530 1176 598 Scilicet
1198 532 1281 616 quia

191 635 323 698 Hector
350 633 506 717 depictus
525 634 655 712 sedens,
684 633 777 718 apud
793 633 1012 712 Pausaniam,
1026 632 1062 697 in
1083 631 1224 700 Phocic.
1245 640 1281 698 et

189 740 329 817 unaque
345 751 445 796 mann
460 733 582 798 laevum
597 753 684 816 genu
698 752 853 816 premens
868 753 877 798 ε
899 732 987 797 tristi
1001 731 1178 798 admodum
1192 733 1280 800 iacie

188 839 223 897 et
235 833 368 913 lugubri
381 831 509 897 habitu.
554 833 607 898 Sit
621 834 696 911 tibi,
708 833 894 898 Pausaniae
909 833 1119 912 auctoritate,
1137 832 1279 912 Hector,

189 931 326 1013 Regem,
339 938 478 1015 propter
499 951 613 998 arcum
628 940 664 998 et
688 933 874 1016 pharetram
887 931 1063 1018 (Herculis
1079 934 1159 1000 olim
1172 932 1281 1020 arma)

189 1030 270 1094 mihi
285 1039 375 1096 certe
390 1031 619 1120 Philoctetesq
639 1052 737 1116 quem
761 1052 898 1116 quoque
923 1031 1043 1100 eadem
1062 1033 1151 1101 facie
1174 1054 1280 1119 nuper

189 1133 400 1212 exhibebam,
417 1133 545 1200 Pietnr.
559 1135 721 1218 Loquent.
734 1133 789 1200 28.
803 1133 889 1198 Tab.

411 1447 699 1526 TABULA‘
728 1449 1052 1530 SECUNDA.

563 1706 651 1774 Vll.
696 1705 906 1776 EUROPA.

503 1973 507 1980 .
592 1873 672 1940 Ιιιι.
688 1891 714 1939 ι.
735 1875 825 1942 cnr.
837 1877 872 1943 2.

234 2041 245 2072 ‘
260 2037 389 2108 Omnes
403 2061 448 2107 ex
463 2042 588 2126 origine
602 2043 764 2127 Europae,
779 2064 855 2128 quse
869 2046 906 2110 in
921 2063 964 2110 ea
977 2043 1087 2110 insula
1104 2063 1235 2110 somma
1355 2085 1358 2092 -

572 2145 730 2226 religione
744 2137 886 2211 colitur?
945 2199 950 2208 .
998 2217 1000 2222 ,

191 2289 195 2298 ·
231 2271 408 2350 Eunoen,
428 2273 596 2370 Agenoris
616 2275 712 2358 Tyrii
727 2274 819 2352 filiae,
835 2294 857 2339 a
869 2273 957 2339 Jove
970 2279 1077 2358 raptae
1093 2279 1127 2340 et
1140 2275 1176 2339 in
1198 2275 1279 2340 cre·

188 2376 260 2468 tam
274 2371 416 2436 insulam
431 2373 569 2452 delatae,
582 2391 627 2438 ex
643 2373 745 2439 Ovid.
762 2392 802 2440 ιι.
818 2375 957 2439 Metam.
976 2373 1053 2438 875.
1071 2381 1105 2440 et
1127 2393 1163 2439 v.
1184 2375 1278 2441 Faet.

184 2467 262 2536 605.
282 2491 413 2538 necnon
425 2473 581 2550 Horatio,
598 2489 652 2537 ιιι.
669 2472 1070 2541 0d.27.15.n0tissime.
1262 2479 1264 2484 '

191 2653 196 2660 μ
230 2571 320 2637 Haec
334 2580 442 2638 autem
456 2573 549 2638 facta
562 2573 797 2656 pulcherrima,
810 2579 990 2659 postquam
1011 2575 1123 2658 puella
1136 2573 1279 2658 Angeia,
1390 2597 1395 2603 ·

185 2671 285 2737 Jovis
307 2678 342 2738 et
364 2673 509 2739 Junonis
532 2673 614 2752 iilia,
644 2674 847 2757 pigmentum
871 2675 966 2738 matri
988 2680 1174 2758 surreptum
1199 2676 1279 2752 hnic

187 2773 378 2838 obtulisset.
421 2775 641 2854 Scholiastes,
658 2775 702 2840 ad
716 2773 858 2838 Theocr.
875 2790 916 2838 ιι.
929 2773 1030 2858 ldyll.
1045 2775 1097 2839 12.

229 2873 281 2938 Ea
296 2875 513 2957 postmodum
528 2875 737 2940 Sidoniorum
751 2874 815 2939 dea
829 2895 838 2954 ;
860 2874 955 2938 cultu
968 2874 1059 2939 illius
1074 2874 1229 2941 instituto
1243 2878 1279 2942 in

187 2974 345 3056 solatium
359 2973 535 3058 Agenoris,
547 2982 627 3059 post
639 2977 742 3040 filiam
756 2994 778 3040 a
792 2975 946 3042 Cretensi
961 2973 1104 3058 quodam
1119 2973 1278 3058 praedone

185 3081 327 3157 raptam.
364 3077 420 3142 Ita
433 3077 614 3154 Luciacus,
629 3076 671 3140 de
686 3077 764 3142 Dea
778 3075 903 3164 Syria„

228 3173 333 3259 Apud
349 3176 540 3242 Corinthios
561 3184 682 3255 tamen,
696 3197 755 3262 per
775 3177 971 3242 Ellotiorum
991 3175 1089 3255 sesto,
1103 3177 1139 3240 iu
1152 3193 1279 3260 pompa

185 3275 331 3360 Europae
345 3277 659 3346 circumferebantur
673 3297 771 3343 ossae
807 3275 1004 3354 Athenaeus,
1016 3291 1082 3339 xv.
1094 3277 1127 3340 6.

229 3376 369 3442 Interim
391 3377 465 3460 ejus
486 3383 611 3454 vector,
635 3385 751 3442 taurus
773 3375 869 3460 (aliis
889 3376 987 3441 navis
1001 3384 1067 3453 ent,
1086 3385 1221 3440 murum
1241 3374 1278 3438 in

184 3493 305 3561 puppe
333 3475 461 3557 pictum
489 3476 684 3554 ostendens,
709 3482 744 3540 et
768 3494 836 3540 non
860 3472 1002 3558 animal)
1021 3476 1107 3539 inter
1134 3471 1279 3538 zodiaci

187 3575 369 3641 duodecim
394 3576 491 3658 signa
516 3576 675 3640 eoelestia
699 3577 836 3642 relatus.
892 3574 1060 3658 Hyginus,
1086 3572 1278 3662 Astronom.

188 3675 289 3742 Podt.
303 3688 346 3738 ιι.
368 3674 423 3740 21.
447 3675 586 3753 Seneca,
611 3675 718 3742 Herc.
745 3676 825 3742 Fur.
847 3677 879 3744 3.
903 3674 1077 3752 Manilius,
1102 3691 1126 3740 1.
1159 3671 1278 3740 Astro-

42 3771 47 3778 “
184 3769 273 3842 ιιοιιι.

229 3875 409 3960 Europam,
424 3895 443 3940 e
465 3875 675 3962 Sidoniorum
691 3875 902 3944 Nnmismate
922 3875 974 3962 (in
987 3895 1056 3960 quo
1070 3875 1196 3957 legunt,
1211 3874 1277 3940 Co·

126 4085 128 4088 Ι
185 3975 292 4141 {raian
305 3975 445 4141 ιῗιιιιῗὲιὲι
471 3975 534 4042 Pia
559 3977 760 4063 Metropolis
787 3975 912 4063 Sidon)
933 3974 1086 4060 depinxit
1109 3973 1274 4051 Vaillant,
