3136 4948
426 419 690 473 wrurs-rrrsuorrm
715 415 824 468 annor
850 415 1026 472 'rnosann
1221 391 1279 476 87

185 563 272 626 cuba
293 560 515 643 itidemapud
530 566 704 645 utrumqne
719 562 820 626 fertur
835 583 910 627 eam
929 563 1106 648 complexa
1129 569 1278 631 omnium
1363 591 1369 601 ·

183 663 330 726 maxime
339 662 498 744 deinceps
510 660 710 728 defendisse.
732 662 831 727 Adeo
843 668 1044 731 conveniunt
1057 669 1141 732 inter
1152 675 1193 731 se'
1204 668 1279 734 haec

183 765 308 839 omnia,
321 762 535 827 utneminem
550 768 664 844 putem
676 769 882 846 negaturum,
896 771 1072 850 utrumque
1082 769 1125 832 ab
1135 787 1203 832 uno
1217 769 1278 834 ha·

181 864 296 928 buisse
310 869 521 940 eaauctore,
535 869 570 927 et
594 885 693 948 quem
718 873 912 944 memorant,
933 888 999 931 uno
1025 869 1159 954 Dictye,
1176 879 1278 952 atque

180 965 229 1028 ita
242 971 402 1032 nostrum
424 985 542 1029 revera
557 963 716 1030 Graecum
737 968 832 1030 illurn
860 968 998 1052 Dictyn,
1023 980 1086 1034 ‘ut
1110 976 1189 1047 erat,
1211 971 1278 1036 La·

180 1067 251 1138 tine
266 1065 492 1150 exposuisse,'
506 1066 599 1149 quod
613 1067 687 1150 ipse
702 1067 759 1145 ait,
775 1073 807 1131 et
816 1085 878 1150 ego
889 1069 1100 1151 probandum
1116 1090 1278 1154 suscepe-

179 1185 262 1232 ram.

187 1279 213 1309 ²¹
226 1265 320 1332 xix(
335 1266 431 1332 Idem
446 1285 525 1331 vero
541 1273 709 1350 agnoscet,
725 1269 927 1353 quicumque
950 1291 1024 1336 cum
1048 1272 1277 1340 Malela'con-

177 1369 262 1434 ferre
276 1369 660 1434 etiamvvoletnostrum
684 1371 883 1453 Septimium
899 1375 1005 1438 11.18·
1021 1375 1063 1439 de
1079 1375 1278 1459 Polymnes-

178 1475 249 1536 tore
262 1471 430 1535 Thracum
444 1489 522 1552 rege
538 1470 581 1534 ad
605 1471 798 1553 pactionem
814 1479 849 1536 et
863 1473 1071 1539 deditionem
1086 1476 1219 1552 adacto,
1234 1477 1276 1541 de
1325 1551 1328 1558 ¹

179 1571 348 1655 Polydoro
364 1572 491 1636 Priami
505 1571 576 1636 filio
597 1572 728 1637 Graecis
751 1575 884 1651 tradito,
914 1597 1012 1658 quem
1040 1577 1099 1641 alii
1121 1577 1275 1661 plerique

176 1691 237 1754 per
251 1674 424 1739 avaritiam
439 1674 526 1738 clam
540 1693 562 1737 a
584 1674 835 1758 Polymnestore
858 1677 1067 1742 interfectum
1089 1679 1276 1761 perhibent,

178 1779 212 1836 et
222 1774 265 1837 de
286 1773 488 1839 Teuthranie
499 1777 617 1841 occiso
629 1779 673 1840 ab
684 1775 803 1860 Ajace,
815 1785 848 1842 et
862 1778 1012 1843 abducta
1023 1780 1094 1862 ejus
1109 1779 1276 1844 filiaTec-

176 1893 298 1938 messa.
327 1874 395 1939 ΙΕα
411 1877 501 1940 enim
525 1879 637 1942 omnia
657 1898 724 1942 non
749 1879 895 1944 Malaios
917 1888 1060 1958 tanturn,
1077 1882 1194 1946 sed‘et
1210 1881 1273 1946 Ce-

177 1976 308 2056 drenus,
325 1997 422 2061 aeque
438 1998 480 2043 ae
495 1979 691 2063 Septimius,
713 1987 747 2045 et
764 1981 879 2045 eodem
897 1980 1026 2060 ordine,¹
1038 1984 1110 2047 sine
1122 1983 1197 2048 'ulla
1213 1985 1275 2048 cir·

177 2080 453 2144 cumstantiarum
469 2083 637 2146 'varietate
656 2083 754 2146 nobis
769 2083 995 2166 prodiderunt.
1040 2085 1145 2150 Porro
1162 2087 1273 2149 autem

175 2179 360 2246 Hectorem
385 2201 446 2264 per
474 2183 615 2246 iusidias
641 2203 763 2246 caesum
796 2184 838 2244 ab
865 2182 1008 2261 Achille,
1031 2187 1274 2250 cumobviam

174 2279 398 2346 Penthesileae
410 2281 575 2364 prodiret:
601 2279 711 2346 Unum
727 2301 771 2344 ex
787 2282 878 2344 illius
896 2284 1074 2347 comitibus
1087 2291 1273 2348 truncatum

174 2381 341 2458 manibus,
356 2387 389 2445 et
411 2382 461 2445 ita
481 2384 656 2446 remissum
670 2382 824 2464 Trojam3
847 2383 946 2447 isthic
968 2404 1002 2448 re
1020 2385 1188 2448 'intellecta
1202 2386 1274 2449 edi·

173 2491 247 2557 ium
262 2483 421 2566 ejulatum
438 2489 507 2548 tam
522 2483 762 2560 vehementem,
778 2492 817 2547 ut
840 2485 938 2549 etiam
955 2505 1038 2550 aves
1057 2505 1100 2550 ex
1123 2485 1201 2550 nere
1217 2488 1273 2552 de·

173 2581 338 2650 diderint:
375 2585 547 2648 Priamum
573 2603 656 2648 mox
678 2605 755 2648 oum
769 2583 1007 2652 Andromacha
1031 2595 1065 2652 et
1096 2589 1273 2673 Polyxena

173 2688 303 2776 vonisse
324 2688 367 2751 ad
382 2685 554 2764 Achillem,
576 2707 717 2772 eumque
740 2708 867 2766 orasse,
883 2696 922 2751 ut
948 2690 1095 2754 cadaver
1111 2687 1271 2755 H-ec'toris

173 2789 241 2853 sibi
251 2789 416 2866 redderet,
432 2791 534 2852 immo
550 2790 709 2853 obtulisse
717 2793 759 2867 ei,
775 2798 852 2873 post
863 2792 1076 2872 impetratum
1086 2792 1158 2875 jam
1170 2792 1271 2856 cada-

172 2908 241 2967 ver,
264 2889 482 2974 Polyxenam,
501 2889 559 2952 sed
584 2909 685 2972 quam
709 2891 874 2956 distulerit
895 2893 976 2956 tunc
991 2893 1158 2956 Achilles:
1182 2893 1270 2958 Pen-

171 2991 348 3056 thesileam
370 3011 460 3068 vero,
476 2990 594 3054 audita
615 3011 696 3056 nece
712 2993 881 3070 Hectoris,
897 2995 1002 3058 redire
1024 2995 1157 3059 domum
1172 2994 1273 3058 volu-⁴

171 3094 252 3170 isse,
269 3093 373 3160 seda
392 3093 515 3157 Paride
529 3095 637 3158 multo
660 3115 740 3159 auro
761 3096 932 3160 inductam
955 3097 1128 3173 mansisse,
1142 3101 1175 3158 et
1187 3100 1270 3160 mox

82 3236 87 3242 -
172 3195 352 3258 commissa
366 3213 490 3278 pugna,
507 3213 583 3259 curu
600 3199 705 3260 aciem
728 3197 805 3279 ipsa
827 3196 1015 3260 ordinasset
1029 3204 1063 3261 et
1071 3198 1163 3276 inter
1177 3198 1270 3280 equi·

170 3297 469 3374 tesconstitisset,
495 3297 624 3362 fortiter
647 3298 835 3374 dimicasse,
865 3298 925 3361 sed
949 3299 992 3362 ab
1016 3297 1149 3362 Achille
1179 3318 1268 3380 equo

171 3395 349 3478 dejectam,
374 3405 408 3461 et
422 3399 580 3462 crinibus
611 3404 761 3477 tractam,
787 3400 948 3475 occisam,
970 3399 1203 3480 abjectamque
1218 3400 1270 3461 in

169 3496 310 3560 fluvium
331 3498 591 3585 Scamandrum:
615 3499 758 3563 Graecos
781 3497 856 3561 dein
878 3497 1206 3590 peremisse-multos
1223 3517 1268 3563 ex

170 3598 347 3673 hostibus:
372 3604 406 3662 at
420 3597 650 3664 Amazonibus
674 3599 877 3682 pepercisse,
889 3585 1271 3664 seruituti-destinatis:

170 3698 317 3764 Venisse
333 3705 455 3782 postea
470 3699 682 3765 Memnonem
699 3699 826 3782 Regem
841 3701 1010 3765 ludorum
1027 3721 1102 3766 oum
1116 3703 1268 3768 maximo

169 3816 270 3865 manu
286 3802 329 3865 ad
338 3804 520 3885 suppetias
536 3803 675 3868 Priamo
690 3803 864 3868 serendas:
887 3805 997 3868 victos
1012 3805 1054 3874 ab
1070 3823 1111 3868 eo
1126 3802 1268 3868 Graecos

112 3933 116 3942 ·
169 3902 213 3965 ad
228 3921 332 3968 naves
353 3903 526 3985 refugisse,
543 3925 628 3988 quas
642 3909 736 3990 ipsas
759 3907 836 3970 sola
857 3906 1181 3988 nox-superveniens
1197 3923 1267 3967 ser-

138 4047 144 4052 -
169 4003 296 4066 voverit
311 4023 319 4066 :
343 4012 433 4067 sorte
447 4005 532 4068 dein
546 4007 684 4070 ductum
701 4004 842 4090 Ajacem
857 4006 1100 4080 Telamonium,
1117 4005 1175 4086 qui
1190 4023 1266 4086 pos·

169 4101 359 4166 tridiecum
375 4103 557 4172 Memnone
574 4114 758 4190 pugnaret:
780 4107 834 4170 hio
850 4127 929 4171 vero
944 4127 1021 4170 cum
1038 4104 1089 4167 illi
1112 4123 1266 4169 succum-

167 4199 384 4284 beretindos
398 4205 565 4272 inuasisse
579 4205 733 4292 Ajacem,
750 4207 811 4272 sed
823 4209 954 4272 interim
968 4203 1266 4282 Achillemnude-
