3112 4950
363 407 370 428 ,
466 367 513 412 nn
540 365 671 414 nxcrn.
694 365 819 413 uncum
842 367 993 415 ursron.
1211 353 1275 418 297

182 509 296 574 Amici
311 519 346 573 et
366 510 519 594 hospites
538 511 582 574 ad
604 509 627 574 J
629 528 767 574 aeonem
781 517 953 586 venerunt,
976 516 1010 574 et
1023 509 1226 591 pollicentur
1240 531 1276 574 se

182 633 249 676 nna
272 613 390 678 ituros.
433 611 456 676 J
459 632 543 677 ason
564 611 688 694 gratias
702 611 773 674 illis
795 613 884 694 agit:
907 617 941 676 et
961 613 1088 693 rogavit
1109 617 1147 676 ut
1167 613 1277 695 parati

181 721 304 792 essent,
320 735 397 779 com
411 723 543 797 tempus
558 715 801 796 superveniret.
844 713 867 778 J
870 733 954 778 ason
969 734 1046 778 cum
1066 721 1204 797 tempus
1220 733 1275 780 su·

180 817 340 898 pervenit,
363 817 478 880 literas
499 815 542 878 ad
569 835 628 878 eos
643 815 736 878 misit
750 815 809 897 qui
826 801 1098 899 erant‘pollioiti,
1115 835 1189 879 sese
1205 837 1273 881 una

182 918 298 996 ituros,
313 924 345 982 et
365 918 457 982 illico
481 923 709 981 convenerunt
731 915 774 978 ad
797 935 927 994 navem,
951 919 1047 1002 cujus
1069 937 1187 982 nornen
1210 924 1280 983 erat

181 1019 283 1101 Argo.
328 1019 443 1083 Pelias
459 1039 519 1082 rex
534 1037 611 1100 quae
627 1037 714 1101 opus
727 1023 819 1080 erant
833 1018 868 1080 in
882 1019 994 1082 navim
1011 1021 1139 1110 imponi
1155 1020 1276 1103 jussit:

182 1125 215 1184 et
227 1121 375 1184 hortatus
386 1126 439 1184 est
453 1120 627 1198 desonam,
636 1127 670 1184 et
685 1121 742 1204 qni
758 1139 834 1183 cum
846 1141 887 1184 eo
899 1122 977 1185 ituri
992 1129 1096 1196 erant,
1108 1128 1147 1185 nt
1161 1123 1275 1186 animo

182 1222 260 1286 sorti
274 1223 357 1286 irent
371 1222 414 1286 ad
429 1222 664 1304 perficiendum
682 1243 758 1306 quae
774 1224 885 1286 conati
909 1230 1032 1288 essent.
1076 1222 1128 1287 Ea
1142 1243 1195 1287 res
1210 1223 1279 1287 cla·

182 1326 338 1388 ritatemg
361 1324 505 1388 Graeciae
521 1332 555 1389 et
569 1324 655 1406 ipsis
669 1323 801 1388 factura
816 1323 1004 1388 videbatur.
1042 1325 1278 1399 Demonstrere

182 1445 242 1489 eos
257 1427 313 1508 qui
329 1445 404 1490 cum
418 1425 442 1490 J
445 1445 549 1490 asena
562 1427 702 1510 profecti
719 1433 808 1502 sunt,
822 1429 887 1489 non
899 1434 1048 1490 nostrum
1060 1435 1134 1490 est:
1150 1427 1209 1490 sed
1221 1429 1278 1512 qui

184 1528 256 1592 vult
270 1547 328 1592 eos
341 1547 553 1610 cognoscere,
569 1529 783 1612 Argonautas
807 1525 922 1612 legat.¹¹
966 1528 1027 1612 [a]
1048 1529 1071 1594 J
1075 1549 1168 1606 ason,
1184 1536 1221 1594 ut
1234 1528 1277 1593 ad

183 1629 362 1712 Phrygiam
399 1633 496 1706 venit,
524 1651 644 1695 navem
675 1633 824 1696 admovit
852 1631 896 1695 ad
933 1637 1062 1714 portum
1093 1633 1278 1697 Simcdnta.

184 1727 315 1794 Deinde
337 1751 451 1798 ornnes
469 1733 630 1796 'exierunt
650 1733 692 1796 dc
714 1733 793 1798 navi
816 1732 859 1795 ad
881 1739 1013 1796 terram.
1058 1731 1279 1796 Laomedonti

184 1832 254 1912 regi
269 1831 486 1914 Trojanoruhr
501 1833 683 1896 nuntiatum
696 1840 757 1908 est,
771 1832 954 1896 mirandam
968 1834 1082 1896 navim
1096 1835 1129 1896 in
1144 1831 1279 1916 portum

185 1933 358 1999 Simoenta
372 1935 528 2010 intrasse,
538 1941 579 2011 ,et
599 1934 635 1996 in
654 1953 695 1997 ea
712 1933 881 2016 juvenes²
904 1934 946 1998 de
961 1933 1098 1998 Graecia
1118 1934 1279 1999 advectos

184 2056 270 2101 esse.
315 2035 386 2100 Ubi
401 2037 532 2100 audivit
555 2035 754 2100 Laomedon
767 2055 827 2100 rex
844 2023 1032 2101 commotus
1046 2035 1108 2115 est,
1122 2045 1154 2101 ct
1168 2037 1279 2101 consi-

185 2139 314 2203 deravit
336 2157 509 2204 commune
532 2139 729 2222 periculum,
754 2139 784 2202 si
806 2147 1066 2204 consuescerent
1096 2139 1208 2230 Graeci
1234 2138 1279 2202 ad

187 2261 249 2304 sua
273 2241 387 2306 littora
408 2242 550 2306 navibus
573 2240 763 2304 adventare.
808 2241 919 2304 Mittit
937 2243 1053 2324 itaque
1078 2241 1120 2304 ad
1147 2245 1279 2324 portum

185 2343 242 2423 qui
257 2343 370 2406 dicant
390 2350 429 2407 ut
443 2343 556 2407 Graeci
578 2342 620 2406 de
645 2341 770 2406 finibus
793 2342 866 2424 ejus
882 2341 1076 2406 discedant:
1095 2349 1133 2405 'ct
1157 2341 1187 2404 si
1209 2360 1277 2404 nou

114 2477 118 2484 ·
186 2441 279 2508 dicto
307 2445 509 2522 obedissent,
532 2449 601 2508 turn
627 2461 702 2506 sese
729 2442 831 2506 armis
856 2441 1043 2526 ejecturum
1068 2443 1110 2508 de
1139 2439 1282 2506 finibus.i

186 2548 209 2612 J
212 2567 292 2612 ason
307 2549 339 2612 et
353 2549 412 2632 qni
435 2567 512 2611 omn
535 2565 576 2609 eo
598 2549 753 2608 venerant
775 2545 918 2626 graviter
943 2546 1085 2610 tulcmnt
1104 2545 1281 2609 crudelita-

185 2651 253 2714 tem
269 2649 518 2726 Laomedontis,
533 2649 584 2712 sic
599 2666 635 2710 sc
650 2648 693 2710 ab
707 2665 748 2710 eo
764 2649 913 2725 tractari,
938 2667 1012 2712 oum
1034 2647 1124 2711 nulla
1146 2647 1189 2710 ab
1210 2643 1280 2708 illis

186 2751 308 2835 injuria
321 2751 415 2816 facta
430 2757 521 2816 essct
535 2770 543 2814 r
566 2749 664 2814 simul
679 2755 712 2812 et
723 2749 888 2814 timebant
902 2750 1148 2816 multitudinem
1162 2746 1281 2813 barba-

644 2945 822 2968 om

194 3088 197 3094 '
220 3085 236 3128 2
253 3081 323 3130 Ante
329 3081 426 3140 juvenes
436 3081 515 3132 hebet
526 3082 623 3146 Delph.
633 3085 726 3132 multos.

680 3261 705 3312 N
710 3259 788 3310 orla

191 3398 195 3404 ’
220 3400 233 3435 r
260 3387 412 3450 claritatem]
442 3389 625 3440 claritudinem
651 3389 715 3438 dicit
756 3395 797 3437 ter
808 3400 855 3450 per
871 3383 1044 3448 ignorantiam
1061 3395 1118 3432 sese
1135 3381 1284 3450 Pseudoda-

188 3470 294 3520 Sellmt.
756 3471 837 3512 retem
850 3459 946 3524 prodit.
978 3459 1018 3507 De
1029 3457 1185 3519 Argonautis
1197 3465 1282 3506 autem

220 3541 489 3604 tnrgmoruelegu]
514 3543 583 3604 Ergo
601 3549 716 3602 ternpore
757 3535 992 3599 videnpollontum
1004 3532 1139 3590 Rhodium,
1151 3532 1283 3581 Valerium

188 3621 249 3672 belli
271 3618 374 3682 Trojani
393 3618 460 3668 liber
479 3619 597 3680 extabat,
616 3615 716 3678 ‘Argo
757 3615 888 3668 Flaccum,
911 3609 1061 3674 Apollodor.
1088 3623 1109 3658 1.
1126 3609 1283 3674 ‘Diodorum

188 3697 306 3748 naution'
319 3697 468 3758 inscriptus·
502 3696 595 3760 Neque
612 3693 717 3743 dubium
757 3689 880 3750 Siculum,
890 3700 929 3735 rv.
944 3685 1087 3748 Hyginum,
1099 3691 1125 3732 et
1138 3684 1209 3733 ulios.
1232 3685 1284 3734 Eo-

190 3784 231 3826 est
253 3773 314 3838 quin
336 3771 436 3835 Orphei
459 3769 634 3834 Argonautica
655 3768 719 3818 velit
756 3781 812 3816 rum
834 3763 967 3828 expeditio
991 3763 1058 3812 bello
1079 3761 1191 3824 Trojano
1212 3763 1284 3823 prior

189 3850 310 3913 intelligi.
343 3847 395 3897 Sed
421 3849 537 3910 ineptum
565 3847 717 3909 scriptorem
757 3843 807 3893 fuit
818 3842 890 3892 antris
901 3839 1007 3890 circiter
1019 3837 1284 3902 quinquaginte;etsi

189 3927 216 3976 id
233 3926 318 3982 latuit,
335 3939 427 3986 nempe
448 3923 581 3987 Orpheum
601 3923 672 3970 illum
691 3927 719 3970 et
757 3917 973 3980 elitarScnligero
985 3914 1125 3962 visumest.
1227 3973 1230 3979 Ι

190 4003 388 4067 allocutusque,
399 3999 443 4064 qni
454 4007 515 4048 eote
527 3999 730 4061 hellumTrojn·,
789 3993 796 4025 ¹
812 3993 871 4042 llum
884 4005 935 4040 cese
949 3987 1022 4037 armis
1038 3985 1164 4046 docturum
1182 3986 1211 4033 de
1223 3985 1284 4048 fiai.

191 4093 251 4128 num
262 4076 340 4126 fuisse
357 4076 422 4126 dicti
435 4080 505 4135 eunt,
521 4089 537 4123 a
549 4073 631 4137 politis
642 4072 718 4122 fictos
757 4069 810 4132 bus]
829 4071 908 4131 Lego,
918 4067 925 4094 ‘
935 4064 1001 4112 Tum
1009 4075 1064 4111 sese
1073 4061 1149 4110 armis
1160 4074 1203 4110 eos
1216 4061 1285 4124 ejec-

191 4151 282 4214 fuisse;
307 4151 376 4216 quod
394 4159 422 4203 et
432 4150 538 4200 Vossius
554 4147 679 4209 ostendit,
697 4162 716 4198 r.
756 4151 842 4198 turum
853 4137 1009 4194 definitus!

192 4229 226 4279 de
237 4243 265 4278 re
277 4227 386 4292 poetica.
418 4227 462 4278 Sic
470 4226 550 4292 igitur
560 4233 649 4276 auctor
658 4237 716 4274 nor·
