3136 4948
458 411 506 460 nn
530 410 707 478 mercum
734 409 844 459 ancer
867 411 1044 472 rnorem.
1230 396 1296 488 ,dt

176 634 180 641 ι
198 553 303 631 volui,
320 554 399 638 quia
413 556 449 618 in
470 556 563 618 hisce
573 554 728 620 ¹consistit
744 552 786 616 ri·
798 553 966 639 xpefpeev,
982 563 1016 620 et
1039 553 1141 636 tutius
1162 561 1294 621 coutro-

198 656 318 720 versiae'
332 655 451 719 nodus
469 660 471 664 '
496 655 571 719 lltis
589 656 677 720 enim
701 655 882 737 expeditis,
897 677 949 720 res
962 658 1041 739 ipsa
1061 661 1111 721 tot
1135 657 1294 721 inanibus

200 747 396 839 'conjecturis
408 757 629 840 ‘implicita'et
649 759 841 836 obscurata,
856 759 892 821 in
913 759 1074 840 liquidam
1097 760 1232 840 emergit
1244 759 1296 822 lu·

200 877 284 933 cem,
299 863 335 922 et
355 849 450 939 patet
472 857 618 934 tandem,
641 859 683 920 de
704 858 829 940 Dictye
852 857 1008 942 Cretensi
1028 859 1110 941 qnid
1132 861 1229 922 nobis
1251 860 1297 924 sit

200 958 427 1022 statuendum.
471 959 563 1022 Nam
600 959 629 1021 si
650 959 715 1022 hoc
743 964 887 1037 constet,
923 959 1120 1042 Septimium
1157 961 1297 1024 vertisse

198 1059 299 1122 hosce
314 1059 447 1122 libellos
471 1059 601 1123 ex'iflo
623 1058 757 1142 Dictys,
784 1079 885 1142 quem
915 1060 1030 1125 Graeci
1054 1047 1239 1144 scriptores
1262 1065 1297 1126 et

200 1160 400 1224 Scholiastae
424 1160 602 1224 identidem
627 1161 776 1237 laudant,
798 1181 857 1224 scu
884 1161 1026 1227 Graecos
1044 1163 1150 1248 hosce
1172 1162 1297 1226 nullum

80 1256 86 1261 ’
200 1262 303 1324 alium
318 1261 487 1338 habuisse,
499 1263 645 1339 novisse,
656 1262 864 1344 designasse,
880 1264 1018 1347 Dictyn‚
1034 1284 1134 1346 quarn
1145 1263 1230 1327 hunc
1246 1263 1298 1346 ip·

199 1367 409 1444 sum,'quem
435 1362 619 1446 Septimius
643 1383 795 1428 sermone
809 1365 947 1430 Latino
972 1367 1153 1448 expressit,
1176 1363 1298 1427 evadet

199 1467 278 1525 tunc
292 1461 410 1526 diurna
433 1464 509 1527 luce
526 1465 649 1528 clarius
665 1472 701 1527 et
716 1466 852 1542 certius,
875 1466 997 1530 falsum
1012 1485 1089 1546 ergo
1103 1483 1192 1540 essa,
1207 1462 1298 1546 qued

200 1561 313 1628 Graeci
337 1563 387 1626 iili
412 1563 617 1630 tradiderunt
641 1564 777 1642 diserte,
804 1566 961 1650 quodque
986 1567 1065 1630 ideo
1089 1564 1299 1652 crediderunt

201 1667 300 1746 atque
323 1661 525 1728 affirmarunt
540 1663 690 1728 Vossius
705 1664 821 1743 Pater,
840 1666 913 1731 Leo
930 1667 1086 1747 Allatius,
1100 1672 1134 1732 et
1148 1665 1298 1750 plerique

199 1763 301 1831 hodie
315 1765 576 1849 alii,·s'cripsisse
597 1765 771 1830 historiam
794 1768 835 1832 de
857 1769 954 1832 Bello
969 1769 1116 1852 Trojano
1138 1767 1299 1849 antiquis·

201 1865 322 1929 simum
338 1866 503 1950 quendam
519 1867 659 1952 Dictyu,
676 1869 849 1934 Idomenei
865 1870 1077 1936 Cretensium
1100 1867 1225 1950 Reguli
1240 1885 1299 1930 co-

200 1969 325 2045 mitem,
341 1969 400 2050 qui
425 1969 499 2052 ipse
517 1969 608 2033 bello
624 1969 772 2052 Trojano
786 1971 979 2046 interfuerit,
994 1977 1028 2036 et
1041 1989 1094 2035 res
1108 1972 1151 2034 ab
1169 1987 1207 2032 se
1222 1968 1299 2050 ipso

200 2069 293 2132 visas
321 2071 493 2135 memoriae
518 2071 737 2136 mandauerit.
782 2072 917 2138 Nomen
947 2075 1030 2158 ejus,
1059 2089 1235 2155 personam
1265 2070 1300 2132 in

200 2171 272 2246 ista
294 2172 520 2254 expeditione,
546 2179 696 2249 aetatem,
723 2179 756 2237 et
785 2175 1001 2255 scriptionem
1035 2174 1136 2236 finxit·
1153 2171 1223 2247 ille,
1240 2169 1300 2252 qui
1372 2225 1375 2230 .

202 2270 356 2336 Graecam
370 2273 459 2338 hanc
481 2273 675 2338 Historiam
696 2281 846 2356 tempore
869 2274 1019 2338 Neronis
1038 2272 1241 2354 composuit,
1266 2259 1302 2333 et

200 2371 286 2436 unde
297 2374 392 2438 unice
408 2378 480 2438 tota
494 2374 567 2439 haec
577 2374 695 2438 fabula
708 2375 751 2438 de
766 2374 1000 2457 antiquissimo
1015 2375 1073 2438 illo
1086 2373 1209 2454 Dictye
1220 2371 1301 2436 Gre-

200 2475 287 2537 tensi
302 2474 434 2538 videtur
456 2481 538 2540 orta.
583 2475 673 2540 Nam
696 2475 806 2541 nullus
822 2475 912 2540 alius
927 2494 1069 2561 usquam
1089 2476 1298 2550 memoratur,

202 2575 263 2639 scd
287 2583 321 2640 et
340 2595 437 2642 nemo
459 2577 495 2641 in
510 2577 647 2644 Graecia
672 2579 795 2656 extitit,
821 2577 880 2661 qui
906 2583 985 2642 ante
1009 2575 1194 2640 Homerum
1220 2563 1301 2657 qnid

202 2677 384 2758 scripserit,
405 2685 438 2743 et
460 2680 501 2744 de
515 2681 675 2764 Trojanis
691 2681 828 2764 quidem
849 2680 959 2756 rebus,
974 2685 1011 2744 ut
1032 2677 1117 2742 satis
1138 2677 1301 2758 probasse

203 2796 257 2840 me
271 2787 355 2861 puto
377 2799 422 2845 ex
441 2781 543 2845 variis
553 2780 766 2869 'Auctoribus
787 2781 830 2847 ad
846 2781 1020 2844 AElianum
1033 2777 1120 2844 Var.
1137 2777 1229 2842 Hist.
1246 2791 1301 2840 xr.

203 2878 235 2942 2.
256 2878 345 2944 vViri
368 2881 570 2960 doctissimi,
585 2883 642 2968 qui
669 2883 735 2948 hoc
757 2887 920 2965 ternpore,
944 2882 1031 2946 alius
1055 2881 1160 2944 alium
1180 2879 1302 2955 secuti,

204 2980 303 3044 talem
328 2983 428 3046 nobis
454 2983 578 3066 Dictyn
601 2989 744 3063 narrant,
761 2983 928 3068 credidere
951 2984 1053 3048 alium
1078 2980 1188 3066 fuisse
1203 2971 1303 3044 Grae-

205 3101 318 3147 corum
335 3085 474 3168 Dictyn,
501 3093 604 3168 atque
627 3085 716 3150 hunc
744 3086 850 3150 nostri
880 3085 1047 3168 Septimii.
1092 3082 1197 3161 Quod
1226 3101 1303 3146 cum

204 3185 335 3269 liquido
350 3188 386 3250 in
406 3189 630 3270 superioribus
642 3181 867 3266 refutaverim,
882 3206 947 3252 nec
963 3185 1142 3270 quisquam
1157 3184 1244 3248 alins
1259 3183 1303 3248 ab

204 3289 265 3352 illo
281 3288 478 3354 Graecorum
493 3297 528 3353 et
540 3292 644 3354 nostri
666 3289 825 3372 Septimii
851 3288 975 3370 Dictye
990 3286 1139 3350 extiterit
1154 3283 1304 3366 Scriptor

205 3389 298 3453 illius
318 3393 473 3467 neminie,
497 3398 649 3473 superest
670 3391 755 3452 nihil
781 3389 888 3466 aliud,
911 3389 974 3450 nisi
997 3405 1098 3450 unum
1121 3385 1198 3459 hoc,
1214 3383 1305 3466 quod

207 3497 319 3556 tamen
338 3489 463 3553 nullius
484 3491 587 3555 ferme
615 3493 740 3572 negotii
763 3497 828 3566 est,
840 3510 918 3554 cum
931 3489 992 3553 vix
1007 3503 1197 3570 quenquam
1212 3485 1248 3550 in
1261 3477 1303 3549 eo

205 3590 378 3654 habiturus
392 3590 456 3653 sim
474 3590 705 3672 refragantem,
720 3597 758 3656 ut
771 3591 958 3666 ostendam,
972 3605 1078 3670 neque
1090 3586 1183 3650 illum
1202 3588 1305 3652 nostri

208 3693 353 3776 Dictyos
368 3699 551 3770 auctorem,
566 3695 624 3778 qni
649 3714 686 3757 se
706 3694 806 3758 finxit
828 3691 1098 3775 antiquissimum
1111 3688 1206 3754 illum
1223 3683 1306 3754 Dic·

206 3802 279 3878 tyn,
301 3794 526 3877 comitemque
555 3795 742 3873 Idomenei,
768 3795 876 3860 fuisse
910 3791 1120 3877 tempatione
1146 3789 1304 3872 Trojenis

208 3896 394 3980 aequalem:
418 3901 518 3979 atque
549 3895 636 3960 ad'eo
661 3895 782 3960 falsum
810 3909 885 3960 esse
914 3894 1009 3958 illurn
1036 3898 1072 3955 et
1100 3889 1305 3966 mendacem,

209 3997 394 4082 quandoid
409 4017 470 4081 per
484 4003 588 4062 totam
600 3997 775 4062 historiam
783 3997 922 4086 ⁴sedicite
936 3994 1024 4059 adeo
1038 3991 1197 4057 inculcet.
1286 3981 1290 3995 '
1348 3991 1349 3996 ’

208 4141 211 4146 -
253 4115 370 4162 xxrrr.
407 4097 562 4182 Arguunt
586 4099 711 4163 etenim
739 4100 833 4164 ilium
861 4095 958 4162 multi
992 4111 1121 4158 errores
1136 4089 1305 4167 'historici,

210 4203 335 4283 partim
348 4201 393 4266 ab
409 4201 486 4286 ipso
501 4201 649 4284 profecti,
675 4201 797 4282 partim
814 4210 867 4264 ex'
881 4196 1002 4266 Poetis
1022 4193 1173 4276 repetiti:
1202 4192 1306 4290 veluti
