3136 4948
293 403 338 466 to
562 416 640 464 ran.
665 413 857 462 renizourr
885 412 1135 462 nrssnursrro

298 581 337 626 se
354 557 479 636 tradat,
495 563 656 624 ettamen
671 559 829 624 nonnulla
851 559 953 624 etiarn
975 558 1169 623 accuratius
1184 563 1219 620 et
1238 557 1399 624 disertius

298 661 514 744 expresserit,
530 679 631 743 quam
645 665 758 724 noster
772 659 972 743 Septimius,
987 661 1045 742 qui
1057 659 1240 741 aliqnando
1255 660 1401 724 circum-

298 763 381 828 cisis
407 762 606 826 necessariis
629 761 673 827 ad
699 762 745 825 rei
769 761 1018 842 intelligentiam
1050 760 1323 824 circumstantiis·
1338 762 1400 825 ob-

233 892 236 896 ·
299 883 398 928 scure
417 863 570 946 quaedam
588 869 622 926 et
643 861 802 942 ambigue
815 868 941 924 narrate
982 859 1099 924 Veluti
1110 859 1202 942 quod
1218 860 1261 924 de
1276 860 1402 928 AEthra

299 974 333 1030 et
349 965 508 1048 Clymeno
530 983 634 1046 supra
658 963 927 1026 memoravimus.
974 959 1038 1024 Cui
1061 959 1150 1024 adde
1172 959 1283 1024 locum
1300 977 1350 1024 ru.
1363 963 1401 1027 3.

299 1065 455 1145 ‘Fugam
493 1069 692 1148 capessunt,
730 1063 926 1144 clausisque
955 1062 1104 1125 civitatis
1136 1063 1256 1142 portis,
1275 1065 1404 1128 vnostri

297 1168 455 1250 reliquos,
482 1186 568 1250 quos
593 1150 674 1246 suga
695 1165 784 1228 bello
815 1171 996 1239 exemerat,
1023 1164 1236 1238 obtruncant,
1252 1163 1415 1228 soemiuis'

299 1273 431 1332 tantum
447 1270 656 1332 abstinentes
670 1286 803 1343 manns,
825 1273 1064 1350 parcentesque
1085 1264 1207 1330 sexui?
1249 1265 1401 1332 Dubium

302 1370 392 1433 enim
406 1368 461 1433 hic
478 1369 687 1451 relinquitur,
701 1376 812 1432 utrum
827 1367 890 1443 illi,
906 1368 965 1448 qui
981 1368 1043 1445 sub
1055 1367 1266 1432 Penthesilea
1279 1368 1405 1432 milita·

299 1474 393 1549 bant,
421 1477 454 1537 et
478 1470 628 1553 fugerant
645 1473 698 1534 'ex
723 1471 797 1534 acie
821 1470 865 1532 ad
889 1470 1015 1545 urbem,
1032 1469 1300 1553 clauserint'ipsi
1322 1469 1405 1534 dein

300 1582 433 1656 portas,
456 1591 499 1636 an
528 1592 607 1636 vero
631 1572 779 1655 Trojani,
803 1572 862 1654 qui
889 1572 931 1634 in·
946 1572 1029 1634 urbe
1053 1581 1255 1636 manserant.
1299 1571 1405 1636 Prius

302 1673 458 1736 crederet·
468 1674 556 1755 quis,
571 1673 629 1755 qui
656 1673 854 1754 Septimium
880 1676 1006 1736 tautum
1022 1671 1112 1754 legit,
1128 1679 1165 1735 at
1188 1691 1278 1751 vero,
1294 1676 1406 1756 quiet

304 1773 479 1851 Mulelam,
514 1774 737 1857 deprehendet
773 1773 945 1851 continuo,
974 1793 1090 1838 verum
1123 1793 1199 1838 esse
1224 1775 1405 1856 poste'rius.

304 1875 396 1939 Nam
410 1874 577 1959 'I'rojanos
592 1877 675 1940 dicit
688 1877 755 1940 illo·
768 1874 955 1939 ‘clausisse
976 1874 1115 1957 portas,'
1138 1877 1184 1937 irat
1198 1876 1262 1948 τοὺς
1283 1875 1406 1960 φεύγον-

302 1981 536 2060 ra5,‘propter
557 1977 634 2040 illos
656 1974 836 2058 fugientes?
861 1980 897 2040 ut
917 1994 1099 2057 repugnare
1123 1963 1257 2041 'scilicet
1271 1977 1406 2047 Graccis

303 2084 508 2159 cogerentur,
523 2079 585 2142 sed
607 2085 641 2142 et
664 2078 705 2142 de
732 2075 942 2142 ‘Foeminis'
962 2077 1030 2140 illis
1053 2077 1159 2155 addit,
1178 2078 1283 2144 fuisse
1299 2078 1408 2144 Ama·

303 2197 418 2255 zonas,
433 2199 517 2262 quas
529 2179 643 2245 Graeci
660 2186 782 2261 captas
796 2179 883 2242 inter
896 2197 934 2241 se
950 2177 1135 2243 diviserint.

282 2319 285 2324 -
308 2316 311 2327 ·
349 2296 437 2346 xxr.
462 2283 616 2366 Denique
632 2301 685 2346 res
696 2280 875 2344 manifesta
889 2281 943 2343 uel
957 2279 1104 2344 maxime
1120 2300 1165 2346 ex
1181 2281 1284 2345 Libro
1298 2280 1408 2346 Sexto

304 2385 410 2448 nostri
424 2385 624 2469 interpretis,
639 2386 674 2448 in
696 2402 796 2466 quern
823 2400 921 2446 unum
942 2381 1113 2462 redegisse
1135 2401 1173 2446 se
1190 2384 1237 2448 ait
1257 2391 1408 2467 quatuor

304 2485 359 2548 vel
375 2486 524 2568 quinque
547 2486 720 2550 volumina
734 2482 850 2548 Graeci
873 2483 1030 2567 Dictyns,
1052 2491 1142 2548 certe
1165 2484 1279 2548 retulit
1300 2491 1408 2550 totam

305 2586 475 2650 historiam
491 2587 532 2650 de
559 2585 666 2650 reditu
689 2584 899 2648 Graecorum.
942 2584 1089 2650 Malelas
1114 2593 1224 2650 autem
1253 2572 1409 2655 similiter

307 2687 445 2772 quidem
460 2687 636 2752 defunctus
650 2693 701 2752 est
715 2686 835 2770 paucis
850 2687 884 2749 in
905 2705 947 2750 ea
967 2687 1119 2766 historia,
1132 2687 1198 2752 sed·
1211 2689 1261 2752 itu-
1281 2684 1408 2767 tamen,

307 2795 426 2854 utnon
441 2795 596 2872 sequatur
619 2789 833 2872 Septimium,
855 2807 969 2853 rerum
987 2788 1126 2872 reliquis
1148 2787 1409 2859 emGraecornm

307 2891 417 2956 reditu
440 2893 689 2974 praetermissis,
706 2891 864 2973 delegerit
885 2893 1101 2973 potissimum
1115 2891 1285 2956 historiam
1306 2891 1412 2977 Ulys-

216 3059 219 3066 ἡ
308 2995 368 3070 sis,
384 3013 425 3056 ac
436 2993 513 3056 dein
529 2990 800 3074 Agamemnonis
814 2993 922 3058 occisi
934 2995 978 3058 ab
992 3011 1110 3070 uxore,
1125 2999 1164 3058 ut
1174 3000 1208 3058 et
1221 2993 1323 3077 hujus
1333 2995 1410 3074 filii,

309 3095 454 3171 Orestis
474 3095 517 3158 de
533 3096 658 3179 quibus
673 3097 829 3161 omnibns
851 3097 950 3178 longe
966 3095 1075 3179 plura,
1091 3096 1171 3160 licet
1195 3099 1410 3178 congruenti-

307 3198 372 3260 bus
387 3198 527 3261 summis
547 3216 652 3260 rerum
677 3199 720 3262 ab
738 3197 933 3262 Homericis
948 3196 1196 3262 narrationibus
1222 3197 1408 3282 aliquando

309 3300 538 3364 secedentium
560 3300 744 3382 capitibus,
759 3299 870 3372 refert,
895 3319 994 3381 quarn
1018 3298 1157 3376 Noster,
1171 3304 1206 3364 et
1227 3305 1340 3364 tamen
1362 3319 1411 3364 ex

310 3401 444 3485 Dictye,
460 3410 500 3465 ut
522 3401 646 3466 diserte
663 3401 848 3465 identidem
872 3401 932 3466 ait.
975 3399 1065 3464 Vide
1087 3420 1124 3483 p.
1148 3401 1221 3466 152.
1235 3401 1278 3466 de
1298 3401 1410 3480 Circe,

309 3525 409 3588 qnam
427 3505 554 3571 Noster
579 3503 894 3587 nihil·aliud,·quam
910 3502 1071 3578 nominat,
1087 3503 1260 3585 etp-155.
1279 3503 1353 3568 168.
1375 3510 1411 3568 et

309 3607 383 3670 172.
429 3605 566 3671 Clarum
581 3625 694 3683 exeo,
705 3607 866 3670 hahuisse
878 3604 1018 3670 Graeoos
1028 3605 1231 3687 posteriores
1246 3604 1320 3682 illa,
1330 3623 1410 3688 qaue

310 3705 457 3788 Dictyos
472 3707 606 3768 nomine
627 3706 776 3782 laudant,
798 3725 865 3770 nou
888 3725 933 3770 ex
956 3711 1072 3770 nostro
1093 3707 1273 3788 Septimio,
1288 3707 1350 3770 sed
1364 3726 1412 3770 ex

311 3805 437 3872 Graeco
452 3805 585 3888 Dictye,
600 3824 697 3888 quem
710 3807 825 3888 ipsum
839 3809 939 3870 vertit
954 3806 1073 3872 Latine
1088 3808 1288 3890 Septimius,
1298 3815 1332 3873 et
1345 3809 1412 3876 bac

310 3908 471 3992 inparte,
489 3925 565 3988 quae
594 3907 636 3970 de
668 3906 775 3972 reditu
800 3905 997 3974 Greecnrum
1028 3910 1160 3990 agebat,
1185 3911 1351 3976 contraxit
1368 3912 1413 3976 *in

272 4013 275 4018 '
310 4011 502 4094 Epitomen,
517 4014 550 4071 et
571 4007 648 4072 ideo
670 4009 792 4087 miuus,
814 4011 904 4093 quod
929 4011 973 4074 ad
994 4009 1088 4074 filum
1107 4010 1272 4074 Historiae
1295 4019 1331 4076 et
1353 4005 1411 4076 sd·

311 4113 391 4178 dem
406 4117 530 4186 re'rum,
545 4128 621 4174 cum
637 4109 762 4177 Malela
777 4117 811 4176 et
826 4111 980 4176 Cedreno
997 4113 1075 4177 istic
1090 4113 1254 4193 congruit·

312 4255 320 4274 .
357 4229 463 4276 xxia·
477 4212 546 4278 Ista
562 4218 675 4278 autem
690 4214 940 4299 uberiuspaulo
955 4221 990 4280 et
1000 4211 1414 4297 copiosiusdemonstrare
