3136 4948
595 374 714 430 senna
738 375 906 436 rueres.
1244 367 1287 436 ll

162 565 167 570 -
193 515 282 590 unde
298 521 333 580 et
345 515 440 580 locus
454 510 628 606 dicebatur
641 517 860 600 gymnasium.
894 517 1031 586 bureau.
1047 533 1117 585 vri.
1134 521 1284 603 Pbatsal.

103 651 104 654 =
192 618 269 680 270.-
313 617 455 686 Lucian.
471 617 507 687 in
516 615 759 701 Anuclrarsid.)
768 625 948 704 ceromate,
959 620 996 686 id
1011 626 1079 700 est,
1090 622 1285 694 athletarum

193 716 420 792 oleoinuucti,
435 722 472 790 ut
484 737 603 806 manus
617 719 769 790 fallerent
784 720 1113 803 apprehendentium.
1157 723 1284 796 Lucan.

193 832 244 888 ιν.
260 818 409 888 Pharsal·
430 818 507 884 613.
533 819 576 892 de
594 819 952 903 ,Hercule-luctatore.
974 822 1113 899 Statius,
1130 839 1177 888 vr.
1197 825 1284 897 The.

191 917 281 980 baid.
296 917 372 981 830.
416 916 513 982 Unde
529 937 606 982 sese
616 905 764 984 ‘invicem
779 939 881 985 arena
899 921 998 1004 jacta
1012 926 1283 1008 conspergcbcut.

191 1023 230 1080 ut
257 1017 388 1097 lubrice
415 1035 558 1099 corpora
579 1019 814 1101 prehensiones
830 1021 1077 1106 admitterent„
1101 1021 1199 1096 Qvid.
1223 1042 1281 1088 rx.

192 1115 330 1182 Metam.
344 1117 399 1180 35.
415 1116 456 1181 de
470 1109 762 1194 eodem'Hercule.
807 1121 947 1206 Quippe
969 1123 1004 1188 in
1025 1123 1119 1196 lucta
1133 1145 1171 1188 se
1193 1123 1281 1190 invi·

191 1235 266 1286 cem
280 1232 347 1282 non
362 1218 589 1294 verberabant,
605 1217 667 1282 sed
691 1220 899 1296 solummedo
914 1223 1230 1305 complectebantur,
1246 1229 1284 1288 ut

190 1316 279 1388 alter
293 1319 435 1391 alterum
448 1316 538 1391 humi
548 1318 717 1410 dejiceret.
762 1321 804 1386 ln
820 1341 886 1405 quo
901 1321 1284 1404 praesertimlandauduu

190 1416 327 1494 athleta,
350 1419 409 1500 qui
435 1426 696 1497 concertantem,
725 1423 796 1487 sine
824 1422 970 1504 pulveris
1001 1421 1100 1505 jactu
1127 1425 1282 1498 vinceret,

190 1517 279 1582 Plin.
297 1519 344 1582 H.
360 1519 441 1584 Nat.
458 1535 585 1584 xxxv.
598 1521 648 1584 11.
663 1521 707 1585 de
723 1522 902 1606 Dioxippo
917 1520 1116 1587 Alcimachi.

234 1618 286 1682 Hi
300 1639 380 1684 vero
395 1621 574 1684 luctatores
588 1620 622 1683 in
637 1619 901 1702 Segestanorum
918 1621 951 1684 N
954 1640 1065 1686 ummo
1080 1627 1283 1705 spectantur,

190 1719 281 1802 apud
312 1708 487 1801 Begernm,
516 1721 676 1785 Thesaur.
704 1721 871 1786 Brendeb.
899 1721 934 1786 in
956 1710 1051 1786 Sicil.
1081 1721 1185 1786 Num.
1206 1725 1283 1790 370.

190 1819 307 1903 quales
318 1825 352 1886 et
373 1839 417 1884 ex
431 1819 684 1904 Aspendiorum
698 1823 802 1886 Num.
817 1841 836 1886 e
852 1817 976 1888 Patino
991 1839 1097 1904 nuper
1112 1821 1282 1903 dederam,

189 1921 233 1986 ad
249 1919 350 1984 ovid.
368 1921 507 1987 Heroid.
524 1923 576 1986 18.
598 1923 709 2006 Epist.
723 1933 758 1988 et
780 1923 960 2001 Martialis,
976 1939 1029 1988 tv,
1043 1924 1096 1986 56.
1109 1925 1143 1988 7.
1187 1919 1283 2003 Quos

189 2031 300 2089 tamen
320 2029 391 2085 arte
405 2027 440 2086 et
452 2021 619 2104 elegantia
638 2028 797 2106 superant
817 2024 1017 2090 luctatorum
1041 2022 1177 2102 Statum,
1192 2026 1284 2108 apud

188 2123 400 2199 Perrierium,
417 2123 650 2206 Episcopium‚
672 2130 878 2207 ceterosque,
890 2123 1180 2188 Monumentorum
1195 2135 1283 2190 mar·

189 2241 379 2288 moreomm
393 2223 605 2291 collectores.

524 2393 640 2500 xlv,
685 2433 946 2500 mansurus.
1030 2497 1034 2506 .

410 2641 417 2652 ,
498 2659 500 2664 ,
586 2581 895 2650 Ιιιιι.νι.οιιι.].

188 2730 281 2798 <Eos
305 2729 475 2817 Nauplius
496 2735 634 2799 ultum
624 2734 665 2798 rri
689 2733 829 2817 cupiens
851 2731 1045 2798 Palamedis
1065 2752 1194 2810 necem,
1209 2685 1285 2818 Ιιιοι

230 2834 387 2897 noctem
378 2852 447 2916 rgrn
437 2831 547 2898 elato
561 2833 606 2898 ad
619 2853 661 2899 ea
681 2833 757 2899 loca
772 2832 959 2910 deflectere,
975 2839 1140 2917 tanquam
1147 2835 1191 2900 ad
1204 2855 1284 2966 pore
1338 2840 1343 2852 '

196 2939 303 3000 tum
318 2931 493 3017 coegerat
1141 2963 1143 2968 v

193 3049 446 3130 Nubamus
471 3049 623 3136 Neptuni
646 3055 680 3115 et
693 3047 899 3146 Amymones
921 3053 1024 3130 filius,
1044 3071 1106 3116 rex
1130 2993 1280 3129 Enbaeae,

188 3157 285 3250 pater
300 3149 502 3218 Palamedis.
547 3151 662 3230 Hunc,
677 3141 814 3234 Ulyss'is
834 3159 917 3230 arte,
935 3153 1101 3236 judicio
1091 3151 1207 3234 iniquo
1221 3153 1293 3231 cir·¹

153 3250 156 3251 ⁷
188 3245 410 3330 cumventnm,
424 3253 598 3336 lapidibus
612 3252 791 3318 obruerant
802 3251 925 3317 Graeci.
949 3253 1062 3328 Pater,
1073 3251 1281 3316 ulciscendae

188 3354 289 3416 necis·
307 3351 440 3428 avidus,
465 3352 636 3418 Graeciam
657 3354 851 3416 universam
868 3359 1074 3434 peragratur,
1093 3368 1283 3432 uxoresque

188 3453 388 3535 principum,
403 3453 463 3533 qui
478 3451 669 3534 ad'l'rojsm
680 3449 881 3526 militabant,
897 3451 931 3513 in
941 3449 1103 3532 juvenum
1119 3448 1283 3514 adulteria

187 3550 330 3636 pellicit,
349 3550 495 3614 futurum
522 3567 674 3634 sperans,
696 3555 734 3616 nt
753 3549 974 3614 atrocissimis
997 3550 1042 3614 ob
1065 3549 1282 3633 banojurgiis

187 3655 349 3722 intereos
362 3651 498 3729 exortis,
510 3668 627 3716 necem
642 3649 950 3716 Palamedisceede
965 3635 1282 3736 mutua-expiarent

189 3754 365 3830 Praeterea,
388 3753 531 3832 Graecis,
552 3770 670 3818 eversa
686 3751 759 3838 jam
774 3751 889 3836 Troja,
910 3753 1124 3818 redeuntibus
1146 3773 1186 3818 uc
1201 3747 1281 3818 tem'·

189 3844 323 3936 pestate
348 3855 638 3934 laborantium
651 3896 653 3904 ι
666 3851 856 3936 Caphereo
876 3852 1017 3919 Euboeec
1054 3843 1281 3937 promontorio

189 3947 298 4036 ignem
314 3954 476 4034 extendit,
490 3956 698 4039 classemque
711 3961 871 4038 tanquam
894 3951 938 4020 ad
958 3955 1136 4020 salutarem
1149 3958 1280 4036 portum

190 4047 445 4138 adnacigantem
466 4057 501 4120 in
516 4045 717 4123 Gbeeradnm
740 4057 939 4141 asperrimos
954 4055 1094 4140 pellexit
1109 4053 1279 4136 scopulos,

190 4175 440 4240 aerumnosoque
463 4159 640 4240 castigavit
668 4156 853 4239 naufragio.
898 4156 956 4220 At·
970 4155 1158 4235 intelligens
1187 4157 1279 4236 postss
