<?xml version="1.0" encoding="UTF-8"?>
<!DOCTYPE html PUBLIC "-//W3C//DTD XHTML 1.0 Transitional//EN"
    "http://www.w3.org/TR/xhtml1/DTD/xhtml1-transitional.dtd">
<html xmlns="http://www.w3.org/1999/xhtml" xml:lang="en" lang="en">
 <head>
  <title>
</title>
<meta http-equiv="Content-Type" content="text/html;charset=utf-8" />
  <meta name='ocr-system' content='tesseract 3.04.00' />
  <meta name='ocr-capabilities' content='ocr_page ocr_carea ocr_par ocr_line ocrx_word'/>
</head>
<body>
  <div class='ocr_page' id='page_1' title='image "./dictyscretensis00dresgoog_0336.png"; bbox 0 0 3112 4950; ppageno 0'>
   <div class='ocr_carea' id='block_1_1' title="bbox 457 335 1256 434">
    <p class='ocr_par' dir='ltr' id='par_1_1' title="bbox 457 335 1256 434">
     <span class='ocr_line' id='line_1_1' title="bbox 457 335 1256 434; baseline 0 -4"><span class='ocrx_word' id='word_1_1' title='bbox 457 377 505 430; x_wconf 86' lang='lat' dir='ltr'><strong>ou</strong></span> <span class='ocrx_word' id='word_1_2' title='bbox 528 335 656 432; x_wconf 71' lang='lat' dir='ltr'><strong>sucro.</strong></span> <span class='ocrx_word' id='word_1_3' title='bbox 677 379 804 430; x_wconf 74' lang='lat' dir='ltr'><strong>uncum</strong></span> <span class='ocrx_word' id='word_1_4' title='bbox 826 379 975 431; x_wconf 84' lang='lat' dir='ltr'><strong>ursrcn.</strong></span> <span class='ocrx_word' id='word_1_5' title='bbox 1190 366 1256 434; x_wconf 78' lang='lat'><strong>811</strong></span> 
     </span>
    </p>
   </div>
   <div class='ocr_carea' id='block_1_2' title="bbox 152 525 1336 3047">
    <p class='ocr_par' dir='ltr' id='par_1_2' title="bbox 152 525 1336 2841">
     <span class='ocr_line' id='line_1_2' title="bbox 152 525 1256 621; baseline 0.004 -22"><span class='ocrx_word' id='word_1_6' title='bbox 152 525 257 615; x_wconf 72' lang='lat' dir='ltr'><strong>‘gum</strong></span> <span class='ocrx_word' id='word_1_7' title='bbox 281 536 475 621; x_wconf 77' lang='lat' dir='ltr'><strong>sapientem,</strong></span> <span class='ocrx_word' id='word_1_8' title='bbox 502 538 611 601; x_wconf 87' lang='lat' dir='ltr'><strong>animo</strong></span> <span class='ocrx_word' id='word_1_9' title='bbox 635 555 801 619; x_wconf 82' lang='lat' dir='ltr'><strong>magnum,</strong></span> <span class='ocrx_word' id='word_1_10' title='bbox 826 535 996 601; x_wconf 87' lang='lat' dir='ltr'><strong>blandum.</strong></span> <span class='ocrx_word' id='word_1_11' title='bbox 1048 535 1256 603; x_wconf 88' lang='lat' dir='ltr'><strong>Podalirium</strong></span> 
     </span>
     <span class='ocr_line' id='line_1_3' title="bbox 170 636 1257 722; baseline 0.006 -23"><span class='ocrx_word' id='word_1_12' title='bbox 170 653 331 709; x_wconf 88' lang='lat' dir='ltr'><strong>crassum,</strong></span> <span class='ocrx_word' id='word_1_13' title='bbox 348 639 524 716; x_wconf 87' lang='lat' dir='ltr'><strong>valentem,</strong></span> <span class='ocrx_word' id='word_1_14' title='bbox 540 640 731 722; x_wconf 87' lang='lat' dir='ltr'><strong>superbum,</strong></span> <span class='ocrx_word' id='word_1_15' title='bbox 745 639 883 703; x_wconf 80' lang='lat' dir='ltr'><strong>tristem.</strong></span> <span class='ocrx_word' id='word_1_16' title='bbox 927 636 1148 704; x_wconf 73' lang='lat' dir='ltr'><strong>Machaonem</strong></span> <span class='ocrx_word' id='word_1_17' title='bbox 1162 657 1257 721; x_wconf 75' lang='lat' dir='ltr'><strong>mag·</strong></span> 
     </span>
     <span class='ocr_line' id='line_1_4' title="bbox 169 737 1256 823; baseline 0.007 -26"><span class='ocrx_word' id='word_1_18' title='bbox 169 753 262 814; x_wconf 89' lang='lat' dir='ltr'><strong>unm,</strong></span> <span class='ocrx_word' id='word_1_19' title='bbox 277 737 406 815; x_wconf 86' lang='lat' dir='ltr'><strong>fortem,</strong></span> <span class='ocrx_word' id='word_1_20' title='bbox 422 745 545 803; x_wconf 89' lang='lat' dir='ltr'><strong>certum</strong></span> <span class='ocrx_word' id='word_1_21' title='bbox 547 741 774 823; x_wconf 74' lang='lat' dir='ltr'><strong>„prudentem</strong></span> <span class='ocrx_word' id='word_1_22' title='bbox 789 741 982 822; x_wconf 88' lang='lat' dir='ltr'><strong>patientem,</strong></span> <span class='ocrx_word' id='word_1_23' title='bbox 995 739 1256 804; x_wconf 87' lang='lat' dir='ltr'><strong>misericordem.</strong></span> 
     </span>
     <span class='ocr_line' id='line_1_5' title="bbox 170 835 1256 922; baseline 0.004 -22"><span class='ocrx_word' id='word_1_24' title='bbox 170 835 354 902; x_wconf 89' lang='lat' dir='ltr'><strong>Merionem</strong></span> <span class='ocrx_word' id='word_1_25' title='bbox 373 838 493 919; x_wconf 82' lang='lat' dir='ltr'><strong>rusum,</strong></span> <span class='ocrx_word' id='word_1_26' title='bbox 507 841 666 905; x_wconf 91' lang='lat' dir='ltr'><strong>mediocri</strong></span> <span class='ocrx_word' id='word_1_27' title='bbox 681 847 821 917; x_wconf 87' lang='lat' dir='ltr'><strong>statura,</strong></span> <span class='ocrx_word' id='word_1_28' title='bbox 842 858 980 922; x_wconf 90' lang='lat' dir='ltr'><strong>corpore</strong></span> <span class='ocrx_word' id='word_1_29' title='bbox 1000 839 1149 915; x_wconf 89' lang='lat' dir='ltr'><strong>rotundo,</strong></span> <span class='ocrx_word' id='word_1_30' title='bbox 1169 841 1256 905; x_wconf 87' lang='lat' dir='ltr'><strong>virc-</strong></span> 
     </span>
     <span class='ocr_line' id='line_1_6' title="bbox 168 917 1256 1024; baseline 0.003 -22"><span class='ocrx_word' id='word_1_31' title='bbox 168 955 255 1015; x_wconf 90' lang='lat' dir='ltr'><strong>sum,</strong></span> <span class='ocrx_word' id='word_1_32' title='bbox 269 940 483 1021; x_wconf 76' lang='lat' dir='ltr'><strong>pertinacem,</strong></span> <span class='ocrx_word' id='word_1_33' title='bbox 498 941 675 1017; x_wconf 84' lang='lat' dir='ltr'><strong>crudelem,</strong></span> <span class='ocrx_word' id='word_1_34' title='bbox 687 941 922 1024; x_wconf 78' lang='lat' dir='ltr'><strong>impatientem.</strong></span> <span class='ocrx_word' id='word_1_35' title='bbox 936 917 1176 1004; x_wconf 69' lang='lat' dir='ltr'><strong>[Driseidamt</strong></span> <span class='ocrx_word' id='word_1_36' title='bbox 1191 939 1256 1005; x_wconf 63' lang='lat' dir='ltr'><strong>for*</strong></span> 
     </span>
     <span class='ocr_line' id='line_1_7' title="bbox 168 1039 1254 1125; baseline 0.002 -21"><span class='ocrx_word' id='word_1_37' title='bbox 168 1056 307 1113; x_wconf 89' lang='lat' dir='ltr'><strong>mosam,</strong></span> <span class='ocrx_word' id='word_1_38' title='bbox 329 1041 398 1105; x_wconf 88' lang='lat' dir='ltr'><strong>alta</strong></span> <span class='ocrx_word' id='word_1_39' title='bbox 415 1050 553 1120; x_wconf 87' lang='lat' dir='ltr'><strong>statura,</strong></span> <span class='ocrx_word' id='word_1_40' title='bbox 571 1043 759 1120; x_wconf 86' lang='lat' dir='ltr'><strong>candidam,</strong></span> <span class='ocrx_word' id='word_1_41' title='bbox 782 1043 905 1125; x_wconf 80' lang='lat' dir='ltr'><strong>capillo</strong></span> <span class='ocrx_word' id='word_1_42' title='bbox 922 1041 1010 1106; x_wconf 87' lang='lat' dir='ltr'><strong>flavo</strong></span> <span class='ocrx_word' id='word_1_43' title='bbox 1026 1047 1060 1105; x_wconf 88' lang='lat' dir='ltr'><strong>et</strong></span> <span class='ocrx_word' id='word_1_44' title='bbox 1073 1039 1180 1117; x_wconf 90' lang='lat' dir='ltr'><strong>molli,</strong></span> <span class='ocrx_word' id='word_1_45' title='bbox 1199 1061 1254 1106; x_wconf 91' lang='lat' dir='ltr'><strong>su·</strong></span> 
     </span>
     <span class='ocr_line' id='line_1_8' title="bbox 170 1141 1253 1226; baseline 0.002 -22"><span class='ocrx_word' id='word_1_46' title='bbox 170 1142 317 1223; x_wconf 82' lang='lat' dir='ltr'><strong>porciliis</strong></span> <span class='ocrx_word' id='word_1_47' title='bbox 328 1143 466 1225; x_wconf 85' lang='lat' dir='ltr'><strong>junctis,</strong></span> <span class='ocrx_word' id='word_1_48' title='bbox 480 1146 589 1208; x_wconf 88' lang='lat' dir='ltr'><strong>oculis</strong></span> <span class='ocrx_word' id='word_1_49' title='bbox 603 1147 765 1221; x_wconf 85' lang='lat' dir='ltr'><strong>venustis,</strong></span> <span class='ocrx_word' id='word_1_50' title='bbox 780 1163 922 1226; x_wconf 92' lang='lat' dir='ltr'><strong>corpore</strong></span> <span class='ocrx_word' id='word_1_51' title='bbox 937 1141 1073 1224; x_wconf 76' lang='lat' dir='ltr'><strong>tequali,</strong></span> <span class='ocrx_word' id='word_1_52' title='bbox 1083 1141 1253 1219; x_wconf 88' lang='lat' dir='ltr'><strong>blandam,</strong></span> 
     </span>
     <span class='ocr_line' id='line_1_9' title="bbox 168 1240 1255 1344; baseline 0.002 -40"><span class='ocrx_word' id='word_1_53' title='bbox 168 1240 347 1319; x_wconf 87' lang='lat' dir='ltr'><strong>affabilem,</strong></span> <span class='ocrx_word' id='word_1_54' title='bbox 359 1244 588 1323; x_wconf 87' lang='lat' dir='ltr'><strong>verecundam,</strong></span> <span class='ocrx_word' id='word_1_55' title='bbox 600 1247 711 1309; x_wconf 85' lang='lat' dir='ltr'><strong>animo</strong></span> <span class='ocrx_word' id='word_1_56' title='bbox 722 1245 877 1328; x_wconf 88' lang='lat' dir='ltr'><strong>simplici,</strong></span> <span class='ocrx_word' id='word_1_57' title='bbox 890 1245 1001 1344; x_wconf 57' lang='lat' dir='ltr'><strong>piam)</strong></span> <span class='ocrx_word' id='word_1_58' title='bbox 1026 1241 1108 1325; x_wconf 69' lang='lat'><strong>[14]</strong></span> <span class='ocrx_word' id='word_1_59' title='bbox 1123 1242 1255 1307; x_wconf 86' lang='lat' dir='ltr'><strong>Deinde</strong></span> 
     </span>
     <span class='ocr_line' id='line_1_10' title="bbox 169 1341 1256 1425; baseline 0.005 -22"><span class='ocrx_word' id='word_1_60' title='bbox 169 1342 277 1405; x_wconf 87' lang='lat' dir='ltr'><strong>ornati</strong></span> <span class='ocrx_word' id='word_1_61' title='bbox 293 1361 368 1406; x_wconf 91' lang='lat' dir='ltr'><strong>cnm</strong></span> <span class='ocrx_word' id='word_1_62' title='bbox 381 1341 510 1407; x_wconf 85' lang='lat' dir='ltr'><strong>classe¹²</strong></span> <span class='ocrx_word' id='word_1_63' title='bbox 526 1343 637 1410; x_wconf 79' lang='lat' dir='ltr'><strong>Graeci</strong></span> <span class='ocrx_word' id='word_1_64' title='bbox 652 1342 800 1410; x_wconf 86' lang='lat' dir='ltr'><strong>Athenas</strong></span> <span class='ocrx_word' id='word_1_65' title='bbox 815 1349 1043 1410; x_wconf 85' lang='lat' dir='ltr'><strong>convenerunt.</strong></span> <span class='ocrx_word' id='word_1_66' title='bbox 1078 1341 1256 1425; x_wconf 85' lang='lat' dir='ltr'><strong>Agamem</strong></span> 
     </span>
     <span class='ocr_line' id='line_1_11' title="bbox 168 1441 1255 1526; baseline 0.003 -23"><span class='ocrx_word' id='word_1_67' title='bbox 168 1457 235 1504; x_wconf 87' lang='lat' dir='ltr'><strong>uon</strong></span> <span class='ocrx_word' id='word_1_68' title='bbox 258 1461 301 1504; x_wconf 84' lang='lat' dir='ltr'><strong>ex</strong></span> <span class='ocrx_word' id='word_1_69' title='bbox 328 1442 483 1526; x_wconf 86' lang='lat' dir='ltr'><strong>Mycenis</strong></span> <span class='ocrx_word' id='word_1_70' title='bbox 505 1445 645 1509; x_wconf 86' lang='lat' dir='ltr'><strong>naribos</strong></span> <span class='ocrx_word' id='word_1_71' title='bbox 669 1465 801 1510; x_wconf 88' lang='lat' dir='ltr'><strong>numero</strong></span> <span class='ocrx_word' id='word_1_72' title='bbox 824 1450 968 1509; x_wconf 87' lang='lat' dir='ltr'><strong>centum.</strong></span> <span class='ocrx_word' id='word_1_73' title='bbox 1012 1441 1186 1507; x_wconf 86' lang='lat' dir='ltr'><strong>Menelaus</strong></span> <span class='ocrx_word' id='word_1_74' title='bbox 1210 1462 1255 1507; x_wconf 81' lang='lat' dir='ltr'><strong>ex</strong></span> 
     </span>
     <span class='ocr_line' id='line_1_12' title="bbox 168 1542 1255 1631; baseline 0.004 -25"><span class='ocrx_word' id='word_1_75' title='bbox 168 1542 293 1624; x_wconf 87' lang='lat' dir='ltr'><strong>Sparta</strong></span> <span class='ocrx_word' id='word_1_76' title='bbox 311 1549 450 1612; x_wconf 86' lang='lat' dir='ltr'><strong>naribus</strong></span> <span class='ocrx_word' id='word_1_77' title='bbox 471 1559 605 1612; x_wconf 81' lang='lat' dir='ltr'><strong>numero</strong></span> <span class='ocrx_word' id='word_1_78' title='bbox 628 1550 811 1631; x_wconf 84' lang='lat' dir='ltr'><strong>sexaginta.</strong></span> <span class='ocrx_word' id='word_1_79' title='bbox 855 1545 1051 1612; x_wconf 83' lang='lat' dir='ltr'><strong>Arcesilaus</strong></span> <span class='ocrx_word' id='word_1_80' title='bbox 1066 1549 1098 1608; x_wconf 89' lang='lat' dir='ltr'><strong>et</strong></span> <span class='ocrx_word' id='word_1_81' title='bbox 1114 1544 1255 1610; x_wconf 88' lang='lat' dir='ltr'><strong>Prothe-</strong></span> 
     </span>
     <span class='ocr_line' id='line_1_13' title="bbox 166 1643 1255 1732; baseline 0.006 -26"><span class='ocrx_word' id='word_1_82' title='bbox 166 1644 245 1708; x_wconf 79' lang='lat' dir='ltr'><strong>uor&#39;i</strong></span> <span class='ocrx_word' id='word_1_83' title='bbox 274 1666 319 1710; x_wconf 83' lang='lat' dir='ltr'><strong>ex</strong></span> <span class='ocrx_word' id='word_1_84' title='bbox 342 1649 476 1723; x_wconf 85' lang='lat' dir='ltr'><strong>Boeotia</strong></span> <span class='ocrx_word' id='word_1_85' title='bbox 501 1649 751 1732; x_wconf 84' lang='lat' dir='ltr'><strong>quinquaginta.</strong></span> <span class='ocrx_word' id='word_1_86' title='bbox 795 1647 1010 1732; x_wconf 85' lang='lat' dir='ltr'><strong>Ascalaphus</strong></span> <span class='ocrx_word' id='word_1_87' title='bbox 1031 1652 1064 1710; x_wconf 91' lang='lat' dir='ltr'><strong>et</strong></span> <span class='ocrx_word' id='word_1_88' title='bbox 1085 1643 1255 1712; x_wconf 90' lang='lat' dir='ltr'><strong>Ialmenus</strong></span> 
     </span>
     <span class='ocr_line' id='line_1_14' title="bbox 166 1745 1256 1829; baseline 0.004 -21"><span class='ocrx_word' id='word_1_89' title='bbox 166 1759 212 1809; x_wconf 84' lang='lat' dir='ltr'><strong>ex</strong></span> <span class='ocrx_word' id='word_1_90' title='bbox 233 1748 441 1814; x_wconf 86' lang='lat' dir='ltr'><strong>Orchomeno</strong></span> <span class='ocrx_word' id='word_1_91' title='bbox 462 1751 606 1814; x_wconf 86' lang='lat' dir='ltr'><strong>navibus</strong></span> <span class='ocrx_word' id='word_1_92' title='bbox 626 1767 763 1812; x_wconf 87' lang='lat' dir='ltr'><strong>nomem</strong></span> <span class='ocrx_word' id='word_1_93' title='bbox 785 1749 929 1829; x_wconf 80' lang='lat' dir='ltr'><strong>triginta.</strong></span> <span class='ocrx_word' id='word_1_94' title='bbox 974 1745 1199 1828; x_wconf 87' lang='lat' dir='ltr'><strong>Epistrophus</strong></span> <span class='ocrx_word' id='word_1_95' title='bbox 1220 1752 1256 1812; x_wconf 91' lang='lat' dir='ltr'><strong>et</strong></span> 
     </span>
     <span class='ocr_line' id='line_1_15' title="bbox 168 1845 1255 1932; baseline 0.001 -22"><span class='ocrx_word' id='word_1_96' title='bbox 168 1847 328 1912; x_wconf 90' lang='lat' dir='ltr'><strong>Schedius</strong></span> <span class='ocrx_word' id='word_1_97' title='bbox 343 1869 386 1913; x_wconf 85' lang='lat' dir='ltr'><strong>ex</strong></span> <span class='ocrx_word' id='word_1_98' title='bbox 402 1850 548 1914; x_wconf 91' lang='lat' dir='ltr'><strong>Phocide</strong></span> <span class='ocrx_word' id='word_1_99' title='bbox 568 1850 794 1932; x_wconf 82' lang='lat' dir='ltr'><strong>quadraginta.</strong></span> <span class='ocrx_word' id='word_1_100' title='bbox 839 1847 933 1931; x_wconf 83' lang='lat' dir='ltr'><strong>Ajax</strong></span> <span class='ocrx_word' id='word_1_101' title='bbox 946 1845 1186 1911; x_wconf 76' lang='lat' dir='ltr'><strong>Telamonius¹¹</strong></span> <span class='ocrx_word' id='word_1_102' title='bbox 1211 1867 1255 1911; x_wconf 88' lang='lat' dir='ltr'><strong>ex</strong></span> 
     </span>
     <span class='ocr_line' id='line_1_16' title="bbox 168 1946 1255 2031; baseline 0.002 -21"><span class='ocrx_word' id='word_1_103' title='bbox 168 1946 337 2012; x_wconf 89' lang='lat' dir='ltr'><strong>Salamina</strong></span> <span class='ocrx_word' id='word_1_104' title='bbox 352 1950 494 2014; x_wconf 84' lang='lat' dir='ltr'><strong>adduxit</strong></span> <span class='ocrx_word' id='word_1_105' title='bbox 507 1971 619 2014; x_wconf 90' lang='lat' dir='ltr'><strong>secum</strong></span> <span class='ocrx_word' id='word_1_106' title='bbox 633 1950 799 2014; x_wconf 85' lang='lat' dir='ltr'><strong>Teucrum</strong></span> <span class='ocrx_word' id='word_1_107' title='bbox 821 1949 970 2013; x_wconf 81' lang='lat' dir='ltr'><strong>fratrem:</strong></span> <span class='ocrx_word' id='word_1_108' title='bbox 992 1947 1105 2026; x_wconf 85' lang='lat' dir='ltr'><strong>Elide,</strong></span> <span class='ocrx_word' id='word_1_109' title='bbox 1114 1947 1255 2031; x_wconf 88' lang='lat' dir='ltr'><strong>Amphi-</strong></span> 
     </span>
     <span class='ocr_line' id='line_1_17' title="bbox 167 2047 1256 2135; baseline 0.003 -25"><span class='ocrx_word' id='word_1_110' title='bbox 167 2047 334 2126; x_wconf 85' lang='lat' dir='ltr'><strong>machum,</strong></span> <span class='ocrx_word' id='word_1_111' title='bbox 349 2049 500 2128; x_wconf 82' lang='lat' dir='ltr'><strong>Dionem,</strong></span> <span class='ocrx_word' id='word_1_112' title='bbox 515 2051 705 2135; x_wconf 86' lang='lat' dir='ltr'><strong>Thalpium,</strong></span> <span class='ocrx_word' id='word_1_113' title='bbox 721 2050 941 2134; x_wconf 84' lang='lat' dir='ltr'><strong>Polyxenam,</strong></span> <span class='ocrx_word' id='word_1_114' title='bbox 954 2049 1098 2114; x_wconf 88' lang='lat' dir='ltr'><strong>navibus</strong></span> <span class='ocrx_word' id='word_1_115' title='bbox 1114 2049 1256 2132; x_wconf 89' lang='lat' dir='ltr'><strong>quadra·</strong></span> 
     </span>
     <span class='ocr_line' id='line_1_18' title="bbox 164 2148 1254 2236; baseline 0.002 -25"><span class='ocrx_word' id='word_1_116' title='bbox 164 2149 265 2230; x_wconf 83' lang='lat' dir='ltr'><strong>ginta.</strong></span> <span class='ocrx_word' id='word_1_117' title='bbox 310 2149 435 2215; x_wconf 90' lang='lat' dir='ltr'><strong>Nestor</strong></span> <span class='ocrx_word' id='word_1_118' title='bbox 450 2173 494 2217; x_wconf 83' lang='lat' dir='ltr'><strong>ex</strong></span> <span class='ocrx_word' id='word_1_119' title='bbox 509 2153 595 2236; x_wconf 89' lang='lat' dir='ltr'><strong>Pylo</strong></span> <span class='ocrx_word' id='word_1_120' title='bbox 610 2153 752 2216; x_wconf 85' lang='lat' dir='ltr'><strong>navibus</strong></span> <span class='ocrx_word' id='word_1_121' title='bbox 769 2148 904 2215; x_wconf 80' lang='grc' dir='ltr'><strong>ιιιιιιι.Ι</strong></span> <span class='ocrx_word' id='word_1_122' title='bbox 936 2151 1051 2215; x_wconf 87' lang='lat' dir='ltr'><strong>Thoas</strong></span> <span class='ocrx_word' id='word_1_123' title='bbox 1066 2169 1110 2214; x_wconf 86' lang='lat' dir='ltr'><strong>ex</strong></span> <span class='ocrx_word' id='word_1_124' title='bbox 1124 2148 1254 2214; x_wconf 85' lang='lat' dir='ltr'><strong>AEtolia</strong></span> 
     </span>
     <span class='ocr_line' id='line_1_19' title="bbox 167 2251 1254 2336; baseline 0.003 -26"><span class='ocrx_word' id='word_1_125' title='bbox 167 2251 310 2315; x_wconf 87' lang='lat' dir='ltr'><strong>navibus</strong></span> <span class='ocrx_word' id='word_1_126' title='bbox 330 2267 395 2315; x_wconf 81' lang='lat' dir='ltr'><strong>xo.</strong></span> <span class='ocrx_word' id='word_1_127' title='bbox 445 2253 537 2336; x_wconf 87' lang='lat' dir='ltr'><strong>Ajax</strong></span> <span class='ocrx_word' id='word_1_128' title='bbox 559 2252 677 2316; x_wconf 90' lang='lat' dir='ltr'><strong>Oileus</strong></span> <span class='ocrx_word' id='word_1_129' title='bbox 699 2272 742 2316; x_wconf 85' lang='lat' dir='ltr'><strong>ex</strong></span> <span class='ocrx_word' id='word_1_130' title='bbox 766 2253 882 2316; x_wconf 86' lang='lat' dir='ltr'><strong>Locris</strong></span> <span class='ocrx_word' id='word_1_131' title='bbox 907 2252 1048 2315; x_wconf 86' lang='lat' dir='ltr'><strong>naribus</strong></span> <span class='ocrx_word' id='word_1_132' title='bbox 1072 2257 1254 2315; x_wconf 71' lang='lat' dir='ltr'><strong>xxxvrr.m</strong></span> 
     </span>
     <span class='ocr_line' id='line_1_20' title="bbox 165 2347 1253 2442; baseline 0.003 -29"><span class='ocrx_word' id='word_1_133' title='bbox 165 2347 345 2433; x_wconf 80' lang='lat' dir='ltr'><strong>Antiphus,</strong></span> <span class='ocrx_word' id='word_1_134' title='bbox 387 2353 578 2438; x_wconf 90' lang='lat' dir='ltr'><strong>Phidippus</strong></span> <span class='ocrx_word' id='word_1_135' title='bbox 607 2357 727 2421; x_wconf 83' lang='lat' dir='ltr'><strong>xxx.l</strong></span> <span class='ocrx_word' id='word_1_136' title='bbox 766 2353 989 2442; x_wconf 83' lang='lat' dir='ltr'><strong>¹Idomeneus</strong></span> <span class='ocrx_word' id='word_1_137' title='bbox 1019 2359 1055 2418; x_wconf 87' lang='lat' dir='ltr'><strong>et</strong></span> <span class='ocrx_word' id='word_1_138' title='bbox 1083 2351 1253 2417; x_wconf 86' lang='lat' dir='ltr'><strong>Meriones</strong></span> 
     </span>
     <span class='ocr_line' id='line_1_21' title="bbox 165 2451 1253 2537; baseline 0.005 -24"><span class='ocrx_word' id='word_1_139' title='bbox 165 2459 209 2514; x_wconf 82' lang='lat' dir='ltr'><strong>ex</strong></span> <span class='ocrx_word' id='word_1_140' title='bbox 230 2451 327 2517; x_wconf 78' lang='lat' dir='ltr'><strong>Creta</strong></span> <span class='ocrx_word' id='word_1_141' title='bbox 344 2454 485 2518; x_wconf 88' lang='lat' dir='ltr'><strong>navibus</strong></span> <span class='ocrx_word' id='word_1_142' title='bbox 500 2471 627 2518; x_wconf 72' lang='lat' dir='ltr'><strong>cxxx.</strong></span> <span class='ocrx_word' id='word_1_143' title='bbox 673 2453 813 2537; x_wconf 88' lang='lat' dir='ltr'><strong>Ulysses</strong></span> <span class='ocrx_word' id='word_1_144' title='bbox 828 2473 871 2518; x_wconf 84' lang='lat' dir='ltr'><strong>ex</strong></span> <span class='ocrx_word' id='word_1_145' title='bbox 893 2454 1014 2518; x_wconf 84' lang='lat' dir='ltr'><strong>Ithaca</strong></span> <span class='ocrx_word' id='word_1_146' title='bbox 1035 2454 1175 2518; x_wconf 81' lang='lat' dir='ltr'><strong>naribus</strong></span> <span class='ocrx_word' id='word_1_147' title='bbox 1193 2473 1253 2518; x_wconf 91' lang='lat' dir='ltr'><strong>nn·</strong></span> 
     </span>
     <span class='ocr_line' id='line_1_22' title="bbox 165 2555 1253 2621; baseline 0.005 -5"><span class='ocrx_word' id='word_1_148' title='bbox 165 2573 258 2618; x_wconf 90' lang='lat' dir='ltr'><strong>mero</strong></span> <span class='ocrx_word' id='word_1_149' title='bbox 276 2571 348 2620; x_wconf 87' lang='lat' dir='ltr'><strong>xrr.</strong></span> <span class='ocrx_word' id='word_1_150' title='bbox 394 2557 554 2621; x_wconf 87' lang='lat' dir='ltr'><strong>Eumelus</strong></span> <span class='ocrx_word' id='word_1_151' title='bbox 580 2577 625 2621; x_wconf 85' lang='lat' dir='ltr'><strong>ex</strong></span> <span class='ocrx_word' id='word_1_152' title='bbox 648 2556 768 2621; x_wconf 87' lang='lat' dir='ltr'><strong>Pheris</strong></span> <span class='ocrx_word' id='word_1_153' title='bbox 790 2557 930 2620; x_wconf 86' lang='lat' dir='ltr'><strong>navibus</strong></span> <span class='ocrx_word' id='word_1_154' title='bbox 946 2565 1004 2619; x_wconf 54' lang='grc' dir='ltr'><strong>κθ</strong></span> <span class='ocrx_word' id='word_1_155' title='bbox 1047 2555 1253 2621; x_wconf 88' lang='lat' dir='ltr'><strong>Protesilaus</strong></span> 
     </span>
     <span class='ocr_line' id='line_1_23' title="bbox 164 2654 1336 2740; baseline 0.004 -23"><span class='ocrx_word' id='word_1_156' title='bbox 164 2659 196 2718; x_wconf 91' lang='lat' dir='ltr'><strong>et</strong></span> <span class='ocrx_word' id='word_1_157' title='bbox 215 2654 386 2720; x_wconf 85' lang='lat' dir='ltr'><strong>Podarces</strong></span> <span class='ocrx_word' id='word_1_158' title='bbox 405 2675 449 2720; x_wconf 85' lang='lat' dir='ltr'><strong>ex</strong></span> <span class='ocrx_word' id='word_1_159' title='bbox 467 2657 620 2740; x_wconf 79' lang='lat' dir='ltr'><strong>Phylace</strong></span> <span class='ocrx_word' id='word_1_160' title='bbox 640 2657 783 2722; x_wconf 85' lang='lat' dir='ltr'><strong>navibus</strong></span> <span class='ocrx_word' id='word_1_161' title='bbox 805 2673 871 2720; x_wconf 81' lang='lat' dir='ltr'><strong>xi..</strong></span> <span class='ocrx_word' id='word_1_162' title='bbox 925 2655 1116 2720; x_wconf 88' lang='lat' dir='ltr'><strong>Podalirius</strong></span> <span class='ocrx_word' id='word_1_163' title='bbox 1130 2655 1254 2722; x_wconf 91' lang='lat' dir='ltr'><strong>etMa·</strong></span> <span class='ocrx_word' id='word_1_164' title='bbox 1331 2681 1336 2692; x_wconf 90' lang='lat'><em>·</em></span> 
     </span>
     <span class='ocr_line' id='line_1_24' title="bbox 165 2755 1285 2841; baseline 0.004 -21"><span class='ocrx_word' id='word_1_165' title='bbox 165 2756 273 2820; x_wconf 90' lang='lat' dir='ltr'><strong>chaon</strong></span> <span class='ocrx_word' id='word_1_166' title='bbox 289 2757 477 2841; x_wconf 90' lang='lat' dir='ltr'><strong>AEsculapii</strong></span> <span class='ocrx_word' id='word_1_167' title='bbox 497 2758 558 2824; x_wconf 87' lang='lat' dir='ltr'><strong>filii</strong></span> <span class='ocrx_word' id='word_1_168' title='bbox 578 2779 621 2824; x_wconf 83' lang='lat' dir='ltr'><strong>ex</strong></span> <span class='ocrx_word' id='word_1_169' title='bbox 641 2759 742 2824; x_wconf 86' lang='lat' dir='ltr'><strong>Trica</strong></span> <span class='ocrx_word' id='word_1_170' title='bbox 755 2761 895 2824; x_wconf 86' lang='lat' dir='ltr'><strong>navibus</strong></span> <span class='ocrx_word' id='word_1_171' title='bbox 911 2765 1059 2822; x_wconf 79' lang='grc' dir='ltr'><strong>ιιιιιιιι.ο</strong></span> <span class='ocrx_word' id='word_1_172' title='bbox 1100 2755 1253 2824; x_wconf 86' lang='lat' dir='ltr'><strong>Achilles</strong></span> <span class='ocrx_word' id='word_1_173' title='bbox 1282 2783 1285 2789; x_wconf 95' lang='lat'>·</span> 
     </span>
    </p>

    <p class='ocr_par' dir='ltr' id='par_1_3' title="bbox 164 2855 1272 3047">
     <span class='ocr_line' id='line_1_25' title="bbox 165 2855 1272 2944; baseline 0.003 -25"><span class='ocrx_word' id='word_1_174' title='bbox 165 2877 240 2920; x_wconf 89' lang='lat' dir='ltr'><strong>cum</strong></span> <span class='ocrx_word' id='word_1_175' title='bbox 277 2858 437 2924; x_wconf 89' lang='lat' dir='ltr'><strong>Patroclo</strong></span> <span class='ocrx_word' id='word_1_176' title='bbox 467 2869 502 2925; x_wconf 91' lang='lat' dir='ltr'><strong>et</strong></span> <span class='ocrx_word' id='word_1_177' title='bbox 531 2861 798 2944; x_wconf 89' lang='lat' dir='ltr'><strong>Myrmidonibus</strong></span> <span class='ocrx_word' id='word_1_178' title='bbox 828 2881 871 2926; x_wconf 83' lang='lat' dir='ltr'><strong>ex</strong></span> <span class='ocrx_word' id='word_1_179' title='bbox 901 2859 1024 2925; x_wconf 88' lang='lat' dir='ltr'><strong>Phthia</strong></span> <span class='ocrx_word' id='word_1_180' title='bbox 1050 2859 1193 2923; x_wconf 87' lang='lat' dir='ltr'><strong>navibus</strong></span> <span class='ocrx_word' id='word_1_181' title='bbox 1220 2855 1272 2922; x_wconf 66' lang='lat'><strong>1..‘</strong></span> 
     </span>
     <span class='ocr_line' id='line_1_26' title="bbox 164 2957 1253 3047; baseline 0.005 -27"><span class='ocrx_word' id='word_1_182' title='bbox 164 2957 381 3040; x_wconf 89' lang='lat' dir='ltr'><strong>Tlepolemus</strong></span> <span class='ocrx_word' id='word_1_183' title='bbox 394 2981 438 3024; x_wconf 82' lang='lat' dir='ltr'><strong>ex</strong></span> <span class='ocrx_word' id='word_1_184' title='bbox 455 2961 579 3027; x_wconf 88' lang='lat' dir='ltr'><strong>Rhodo</strong></span> <span class='ocrx_word' id='word_1_185' title='bbox 593 2963 735 3027; x_wconf 85' lang='lat' dir='ltr'><strong>navibus</strong></span> <span class='ocrx_word' id='word_1_186' title='bbox 750 2972 821 3029; x_wconf 70' lang='grc' dir='ltr'><strong>ιιι.Ρ</strong></span> <span class='ocrx_word' id='word_1_187' title='bbox 866 2961 1055 3047; x_wconf 86' lang='lat' dir='ltr'><strong>Eurypylus</strong></span> <span class='ocrx_word' id='word_1_188' title='bbox 1068 2981 1113 3026; x_wconf 83' lang='lat' dir='ltr'><strong>ex</strong></span> <span class='ocrx_word' id='word_1_189' title='bbox 1128 2960 1253 3026; x_wconf 91' lang='lat' dir='ltr'><strong>Orcho·</strong></span> 
     </span>
    </p>
   </div>
   <div class='ocr_carea' id='block_1_3' title="bbox 621 3095 800 3116">
    <p class='ocr_par' dir='ltr' id='par_1_4' title="bbox 621 3095 800 3116">
     <span class='ocr_line' id='line_1_27' title="bbox 621 3095 800 3116; baseline 0 -2"><span class='ocrx_word' id='word_1_190' title='bbox 621 3095 800 3116; x_wconf 59' lang='lat' dir='ltr'><strong>ducenteno</strong></span> 
     </span>
    </p>
   </div>
   <div class='ocr_carea' id='block_1_4' title="bbox 162 3168 1253 3303">
    <p class='ocr_par' dir='ltr' id='par_1_5' title="bbox 162 3168 1253 3303">
     <span class='ocr_line' id='line_1_28' title="bbox 196 3168 1253 3238; baseline 0.004 -20"><span class='ocrx_word' id='word_1_191' title='bbox 196 3176 207 3227; x_wconf 69' lang='grc' dir='ltr'><strong>ι</strong></span> <span class='ocrx_word' id='word_1_192' title='bbox 226 3168 323 3219; x_wconf 87' lang='lat' dir='ltr'><strong>Eadem</strong></span> <span class='ocrx_word' id='word_1_193' title='bbox 336 3171 516 3222; x_wconf 84' lang='lat' dir='ltr'><strong>terminatione</strong></span> <span class='ocrx_word' id='word_1_194' title='bbox 530 3173 610 3222; x_wconf 88' lang='lat' dir='ltr'><strong>utitur</strong></span> <span class='ocrx_word' id='word_1_195' title='bbox 621 3181 648 3222; x_wconf 91' lang='lat' dir='ltr'><strong>et</strong></span> <span class='ocrx_word' id='word_1_196' title='bbox 661 3176 730 3238; x_wconf 64' lang='lat' dir='ltr'><strong>Hyp·</strong></span> <span class='ocrx_word' id='word_1_197' title='bbox 724 3190 758 3224; x_wconf 91' lang='grc' dir='ltr'><strong>ιιι.</strong></span> <span class='ocrx_word' id='word_1_198' title='bbox 771 3175 881 3237; x_wconf 86' lang='lat' dir='ltr'><strong>Mythol.</strong></span> <span class='ocrx_word' id='word_1_199' title='bbox 892 3174 945 3223; x_wconf 85' lang='lat' dir='ltr'><strong>fab.</strong></span> <span class='ocrx_word' id='word_1_200' title='bbox 958 3187 1013 3224; x_wconf 86' lang='lat' dir='ltr'><strong>cvr.</strong></span> <span class='ocrx_word' id='word_1_201' title='bbox 1031 3173 1063 3221; x_wconf 84' lang='lat' dir='ltr'><strong>ad</strong></span> <span class='ocrx_word' id='word_1_202' title='bbox 1076 3185 1152 3238; x_wconf 81' lang='lat' dir='ltr'><strong>qoem</strong></span> <span class='ocrx_word' id='word_1_203' title='bbox 1168 3173 1253 3223; x_wconf 85' lang='lat' dir='ltr'><strong>locam</strong></span> 
     </span>
     <span class='ocr_line' id='line_1_29' title="bbox 162 3233 1086 3303; baseline 0.003 -21"><span class='ocrx_word' id='word_1_204' title='bbox 162 3233 235 3284; x_wconf 82' lang='lat' dir='ltr'><strong>haee</strong></span> <span class='ocrx_word' id='word_1_205' title='bbox 228 3249 286 3297; x_wconf 81' lang='lat' dir='ltr'><strong>ipsa</strong></span> <span class='ocrx_word' id='word_1_206' title='bbox 298 3235 375 3285; x_wconf 84' lang='lat' dir='ltr'><strong>verba</strong></span> <span class='ocrx_word' id='word_1_207' title='bbox 386 3236 492 3286; x_wconf 86' lang='lat' dir='ltr'><strong>Daretis</strong></span> <span class='ocrx_word' id='word_1_208' title='bbox 503 3237 568 3286; x_wconf 86' lang='lat' dir='ltr'><strong>citat</strong></span> <span class='ocrx_word' id='word_1_209' title='bbox 580 3237 717 3288; x_wconf 87' lang='lat' dir='ltr'><strong>Moncker.</strong></span> <span class='ocrx_word' id='word_1_210' title='bbox 719 3240 761 3303; x_wconf 89' lang='grc' dir='ltr'><strong>-ΙΙ</strong></span> <span class='ocrx_word' id='word_1_211' title='bbox 779 3238 872 3301; x_wconf 87' lang='lat' dir='ltr'><strong>Delph.</strong></span> <span class='ocrx_word' id='word_1_212' title='bbox 883 3238 981 3287; x_wconf 72' lang='lat' dir='ltr'><strong>maone</strong></span> <span class='ocrx_word' id='word_1_213' title='bbox 992 3237 1086 3286; x_wconf 83' lang='lat' dir='ltr'><strong>XXX.</strong></span> 
     </span>
    </p>
   </div>
   <div class='ocr_carea' id='block_1_5' title="bbox 161 3441 1255 4348">
    <p class='ocr_par' dir='ltr' id='par_1_6' title="bbox 161 3441 1254 3657">
     <span class='ocr_line' id='line_1_30' title="bbox 195 3441 1254 3534; baseline 0.004 -44"><span class='ocrx_word' id='word_1_214' title='bbox 195 3441 455 3506; x_wconf 63' lang='lat' dir='ltr'><strong>horrescendum]</strong></span> <span class='ocrx_word' id='word_1_215' title='bbox 465 3445 604 3508; x_wconf 83' lang='lat' dir='ltr'><strong>Siesnpra,</strong></span> <span class='ocrx_word' id='word_1_216' title='bbox 613 3445 688 3495; x_wconf 87' lang='lat' dir='ltr'><strong>‘cum</strong></span> <span class='ocrx_word' id='word_1_217' title='bbox 728 3445 888 3508; x_wconf 85' lang='lat' dir='ltr'><strong>tuorreliqui</strong></span> <span class='ocrx_word' id='word_1_218' title='bbox 899 3444 978 3494; x_wconf 84' lang='lat' dir='ltr'><strong>duces</strong></span> <span class='ocrx_word' id='word_1_219' title='bbox 994 3456 1080 3493; x_wconf 82' lang='lat' dir='ltr'><strong>secum</strong></span> <span class='ocrx_word' id='word_1_220' title='bbox 1096 3456 1175 3534; x_wconf 68' lang='lat' dir='ltr'><strong>nares</strong></span> <span class='ocrx_word' id='word_1_221' title='bbox 1192 3459 1254 3508; x_wconf 85' lang='lat' dir='ltr'><strong>qua·</strong></span> 
     </span>
     <span class='ocr_line' id='line_1_31' title="bbox 161 3518 899 3582; baseline 0.001 -14"><span class='ocrx_word' id='word_1_222' title='bbox 161 3518 318 3568; x_wconf 78' lang='lat' dir='ltr'><strong>exercitibus</strong></span> <span class='ocrx_word' id='word_1_223' title='bbox 329 3528 356 3568; x_wconf 87' lang='lat' dir='ltr'><strong>et</strong></span> <span class='ocrx_word' id='word_1_224' title='bbox 367 3519 491 3568; x_wconf 79' lang='lat' dir='ltr'><strong>classibus</strong></span> <span class='ocrx_word' id='word_1_225' title='bbox 503 3519 604 3570; x_wconf 81' lang='lat' dir='ltr'><strong>ornati</strong></span> <span class='ocrx_word' id='word_1_226' title='bbox 621 3521 688 3574; x_wconf 88' lang='lat' dir='ltr'><strong>Vide</strong></span> <span class='ocrx_word' id='word_1_227' title='bbox 729 3521 855 3582; x_wconf 66' lang='lat' dir='ltr'><strong>draginta.</strong></span> <span class='ocrx_word' id='word_1_228' title='bbox 897 3571 899 3578; x_wconf 74' lang='grc'>,</span> 
     </span>
     <span class='ocr_line' id='line_1_32' title="bbox 163 3592 1254 3657; baseline 0.001 -15"><span class='ocrx_word' id='word_1_229' title='bbox 163 3595 307 3644; x_wconf 86' lang='lat' dir='ltr'><strong>ibinotata.</strong></span> <span class='ocrx_word' id='word_1_230' title='bbox 758 3595 766 3630; x_wconf 90' lang='lat'><strong>¹</strong></span> <span class='ocrx_word' id='word_1_231' title='bbox 794 3594 902 3656; x_wconf 75' lang='lat' dir='ltr'><strong>Navibus</strong></span> <span class='ocrx_word' id='word_1_232' title='bbox 923 3592 1049 3657; x_wconf 80' lang='lat' dir='ltr'><strong><em>LXXX]</em></strong></span> <span class='ocrx_word' id='word_1_233' title='bbox 1077 3593 1204 3644; x_wconf 82' lang='lat' dir='ltr'><strong>Homerus</strong></span> <span class='ocrx_word' id='word_1_234' title='bbox 1226 3600 1254 3644; x_wconf 85' lang='lat' dir='ltr'><strong>et</strong></span> 
     </span>
    </p>

    <p class='ocr_par' dir='ltr' id='par_1_7' title="bbox 162 3668 1255 3890">
     <span class='ocr_line' id='line_1_33' title="bbox 196 3668 982 3742; baseline 0.009 -25"><span class='ocrx_word' id='word_1_235' title='bbox 196 3669 203 3703; x_wconf 88' lang='lat'><strong>¹</strong></span> <span class='ocrx_word' id='word_1_236' title='bbox 216 3668 352 3720; x_wconf 77' lang='lat' dir='ltr'><strong>Arcesilaus</strong></span> <span class='ocrx_word' id='word_1_237' title='bbox 361 3674 386 3718; x_wconf 82' lang='lat' dir='ltr'><strong>et</strong></span> <span class='ocrx_word' id='word_1_238' title='bbox 396 3668 542 3731; x_wconf 80' lang='lat' dir='ltr'><strong>Protherror]</strong></span> <span class='ocrx_word' id='word_1_239' title='bbox 562 3670 625 3719; x_wconf 89' lang='lat' dir='ltr'><strong>Cum</strong></span> <span class='ocrx_word' id='word_1_240' title='bbox 638 3670 688 3721; x_wconf 84' lang='lat' dir='ltr'><strong>Pe·</strong></span> <span class='ocrx_word' id='word_1_241' title='bbox 729 3677 823 3742; x_wconf 84' lang='lat' dir='ltr'><strong>Dictys</strong></span> <span class='ocrx_word' id='word_1_242' title='bbox 834 3674 982 3738; x_wconf 74' lang='lat' dir='ltr'><strong>nonaginta.</strong></span> 
     </span>
     <span class='ocr_line' id='line_1_34' title="bbox 162 3745 1255 3813; baseline 0.002 -19"><span class='ocrx_word' id='word_1_243' title='bbox 162 3747 246 3808; x_wconf 83' lang='lat' dir='ltr'><strong>neleo,</strong></span> <span class='ocrx_word' id='word_1_244' title='bbox 258 3745 341 3802; x_wconf 84' lang='lat' dir='ltr'><strong>Leito,</strong></span> <span class='ocrx_word' id='word_1_245' title='bbox 361 3752 388 3796; x_wconf 86' lang='lat' dir='ltr'><strong>et</strong></span> <span class='ocrx_word' id='word_1_246' title='bbox 403 3746 501 3797; x_wconf 86' lang='lat' dir='ltr'><strong>Clonio.</strong></span> <span class='ocrx_word' id='word_1_247' title='bbox 533 3746 577 3796; x_wconf 86' lang='lat' dir='ltr'><strong>lta</strong></span> <span class='ocrx_word' id='word_1_248' title='bbox 593 3747 690 3797; x_wconf 83' lang='lat' dir='ltr'><strong>Home·</strong></span> <span class='ocrx_word' id='word_1_249' title='bbox 761 3750 902 3800; x_wconf 66' lang='lat' dir='ltr'><strong>numae</strong></span> <span class='ocrx_word' id='word_1_250' title='bbox 913 3747 1255 3813; x_wconf 79' lang='lat' dir='ltr'><strong>XXXWLJHomeruaet</strong></span> 
     </span>
     <span class='ocr_line' id='line_1_35' title="bbox 163 3823 1013 3890; baseline 0.002 -18"><span class='ocrx_word' id='word_1_251' title='bbox 163 3837 216 3884; x_wconf 80' lang='lat' dir='ltr'><strong>rus,</strong></span> <span class='ocrx_word' id='word_1_252' title='bbox 228 3829 256 3872; x_wconf 88' lang='lat' dir='ltr'><strong>et</strong></span> <span class='ocrx_word' id='word_1_253' title='bbox 267 3837 300 3871; x_wconf 84' lang='lat' dir='ltr'><strong>ex</strong></span> <span class='ocrx_word' id='word_1_254' title='bbox 311 3837 343 3871; x_wconf 85' lang='lat' dir='ltr'><strong>eo</strong></span> <span class='ocrx_word' id='word_1_255' title='bbox 355 3823 458 3884; x_wconf 87' lang='lat' dir='ltr'><strong>Dictys.</strong></span> <span class='ocrx_word' id='word_1_256' title='bbox 728 3827 822 3890; x_wconf 87' lang='lat' dir='ltr'><strong>Dictys</strong></span> <span class='ocrx_word' id='word_1_257' title='bbox 833 3825 1013 3890; x_wconf 79' lang='lat' dir='ltr'><strong>quadraginta.</strong></span> 
     </span>
    </p>

    <p class='ocr_par' dir='ltr' id='par_1_8' title="bbox 161 3896 1254 4348">
     <span class='ocr_line' id='line_1_36' title="bbox 192 3896 1254 3964; baseline 0.001 -15"><span class='ocrx_word' id='word_1_258' title='bbox 192 3897 287 3962; x_wconf 64' lang='lat' dir='ltr'><strong>*Aius</strong></span> <span class='ocrx_word' id='word_1_259' title='bbox 299 3897 457 3960; x_wconf 78' lang='lat' dir='ltr'><strong>Telamonius]</strong></span> <span class='ocrx_word' id='word_1_260' title='bbox 483 3896 540 3946; x_wconf 85' lang='lat' dir='ltr'><strong>Non</strong></span> <span class='ocrx_word' id='word_1_261' title='bbox 558 3897 632 3946; x_wconf 88' lang='lat' dir='ltr'><strong>video</strong></span> <span class='ocrx_word' id='word_1_262' title='bbox 643 3911 688 3946; x_wconf 90' lang='lat' dir='ltr'><strong>cor</strong></span> <span class='ocrx_word' id='word_1_263' title='bbox 759 3902 897 3952; x_wconf 65' lang='lat' dir='ltr'><strong>”Nauibus</strong></span> <span class='ocrx_word' id='word_1_264' title='bbox 909 3901 956 3964; x_wconf 87' lang='lat' dir='ltr'><strong>X.]</strong></span> <span class='ocrx_word' id='word_1_265' title='bbox 977 3899 1093 3950; x_wconf 81' lang='lat' dir='ltr'><strong>Navibus</strong></span> <span class='ocrx_word' id='word_1_266' title='bbox 1105 3912 1145 3948; x_wconf 71' lang='grc' dir='ltr'><strong>ιι.</strong></span> <span class='ocrx_word' id='word_1_267' title='bbox 1158 3899 1254 3950; x_wconf 86' lang='lat' dir='ltr'><strong>Horae·</strong></span> 
     </span>
     <span class='ocr_line' id='line_1_37' title="bbox 161 3972 919 4041; baseline -0.001 -17"><span class='ocrx_word' id='word_1_268' title='bbox 161 3976 204 4026; x_wconf 91' lang='lat' dir='ltr'><strong>hic</strong></span> <span class='ocrx_word' id='word_1_269' title='bbox 226 3975 297 4026; x_wconf 89' lang='lat' dir='ltr'><strong>dicat</strong></span> <span class='ocrx_word' id='word_1_270' title='bbox 324 3976 442 4038; x_wconf 84' lang='lat' dir='ltr'><strong>Ajacem,</strong></span> <span class='ocrx_word' id='word_1_271' title='bbox 463 3972 687 4036; x_wconf 80' lang='lat' dir='ltr'><strong>Amphimachum,</strong></span> <span class='ocrx_word' id='word_1_272' title='bbox 727 3993 771 4028; x_wconf 85' lang='grc' dir='ltr'><strong>ιιιι</strong></span> <span class='ocrx_word' id='word_1_273' title='bbox 782 3985 809 4028; x_wconf 81' lang='lat' dir='ltr'><strong>et</strong></span> <span class='ocrx_word' id='word_1_274' title='bbox 819 3977 919 4041; x_wconf 84' lang='lat' dir='ltr'><strong>Dictys.</strong></span> 
     </span>
     <span class='ocr_line' id='line_1_38' title="bbox 162 4048 1253 4114; baseline 0 -14"><span class='ocrx_word' id='word_1_275' title='bbox 162 4051 281 4111; x_wconf 88' lang='lat' dir='ltr'><strong>Diorem,</strong></span> <span class='ocrx_word' id='word_1_276' title='bbox 308 4049 445 4112; x_wconf 88' lang='lat' dir='ltr'><strong>Thalpiuru</strong></span> <span class='ocrx_word' id='word_1_277' title='bbox 474 4055 502 4096; x_wconf 87' lang='lat' dir='ltr'><strong>et</strong></span> <span class='ocrx_word' id='word_1_278' title='bbox 526 4048 687 4112; x_wconf 80' lang='lat' dir='ltr'><strong>Polyxenam</strong></span> <span class='ocrx_word' id='word_1_279' title='bbox 760 4048 1044 4110; x_wconf 74' lang='grc' dir='ltr'><strong>οΝιιιιι“1ιιιιΧΧΧΙΙ.]</strong></span> <span class='ocrx_word' id='word_1_280' title='bbox 1071 4049 1186 4114; x_wconf 72' lang='lat' dir='ltr'><strong>Triginta</strong></span> <span class='ocrx_word' id='word_1_281' title='bbox 1198 4057 1253 4100; x_wconf 85' lang='lat' dir='ltr'><strong>tan</strong></span> 
     </span>
     <span class='ocr_line' id='line_1_39' title="bbox 161 4124 1168 4193; baseline 0.001 -20"><span class='ocrx_word' id='word_1_282' title='bbox 161 4137 248 4173; x_wconf 76' lang='lat' dir='ltr'><strong>secum</strong></span> <span class='ocrx_word' id='word_1_283' title='bbox 265 4125 366 4172; x_wconf 75' lang='lat' dir='ltr'><strong>diruisse</strong></span> <span class='ocrx_word' id='word_1_284' title='bbox 382 4139 440 4172; x_wconf 84' lang='lat' dir='ltr'><strong>cunr</strong></span> <span class='ocrx_word' id='word_1_285' title='bbox 458 4124 564 4172; x_wconf 86' lang='lat' dir='ltr'><strong>navibus</strong></span> <span class='ocrx_word' id='word_1_286' title='bbox 580 4126 689 4188; x_wconf 84' lang='lat' dir='ltr'><strong>qrradra·</strong></span> <span class='ocrx_word' id='word_1_287' title='bbox 730 4138 783 4180; x_wconf 86' lang='lat' dir='ltr'><strong>tuor</strong></span> <span class='ocrx_word' id='word_1_288' title='bbox 798 4136 896 4193; x_wconf 81' lang='lat' dir='ltr'><strong>poutrnt</strong></span> <span class='ocrx_word' id='word_1_289' title='bbox 907 4127 1014 4176; x_wconf 85' lang='lat' dir='ltr'><strong>Homer.</strong></span> <span class='ocrx_word' id='word_1_290' title='bbox 1025 4134 1053 4174; x_wconf 87' lang='lat' dir='ltr'><strong>et</strong></span> <span class='ocrx_word' id='word_1_291' title='bbox 1065 4126 1168 4190; x_wconf 87' lang='lat' dir='ltr'><strong>Dictys.</strong></span> 
     </span>
     <span class='ocr_line' id='line_1_40' title="bbox 163 4197 1253 4266; baseline 0.006 -20"><span class='ocrx_word' id='word_1_292' title='bbox 163 4200 244 4261; x_wconf 86' lang='lat' dir='ltr'><strong>ginta.</strong></span> <span class='ocrx_word' id='word_1_293' title='bbox 277 4199 315 4247; x_wconf 83' lang='lat' dir='ltr'><strong>Ex</strong></span> <span class='ocrx_word' id='word_1_294' title='bbox 327 4197 443 4248; x_wconf 82' lang='lat' dir='ltr'><strong>Homero</strong></span> <span class='ocrx_word' id='word_1_295' title='bbox 456 4213 525 4247; x_wconf 80' lang='lat' dir='ltr'><strong>enim</strong></span> <span class='ocrx_word' id='word_1_296' title='bbox 538 4197 604 4262; x_wconf 83' lang='lat' dir='ltr'><strong>Ayax</strong></span> <span class='ocrx_word' id='word_1_297' title='bbox 615 4201 688 4252; x_wconf 82' lang='lat' dir='ltr'><strong>Tela</strong></span> <span class='ocrx_word' id='word_1_298' title='bbox 761 4206 899 4256; x_wconf 79' lang='lat' dir='ltr'><strong>anerlus</strong></span> <span class='ocrx_word' id='word_1_299' title='bbox 910 4203 962 4254; x_wconf 79' lang='lat' dir='ltr'><strong>lx</strong></span> <span class='ocrx_word' id='word_1_300' title='bbox 965 4202 976 4266; x_wconf 93' lang='lat'>]</span> <span class='ocrx_word' id='word_1_301' title='bbox 999 4201 1051 4254; x_wconf 87' lang='lat' dir='ltr'><strong>Aln</strong></span> <span class='ocrx_word' id='word_1_302' title='bbox 1067 4207 1126 4253; x_wconf 83' lang='lat' dir='ltr'><strong>ocio</strong></span> <span class='ocrx_word' id='word_1_303' title='bbox 1146 4202 1253 4258; x_wconf 76' lang='lat' dir='ltr'><strong>Homer.</strong></span> 
     </span>
     <span class='ocr_line' id='line_1_41' title="bbox 163 4265 871 4348; baseline 0.009 -22"><span class='ocrx_word' id='word_1_304' title='bbox 163 4289 263 4326; x_wconf 84' lang='lat' dir='ltr'><strong>menius</strong></span> <span class='ocrx_word' id='word_1_305' title='bbox 271 4289 347 4324; x_wconf 82' lang='lat' dir='ltr'><strong>naves</strong></span> <span class='ocrx_word' id='word_1_306' title='bbox 356 4265 583 4338; x_wconf 83' lang='lat' dir='ltr'><strong>duxrtducdecuu</strong></span> <span class='ocrx_word' id='word_1_307' title='bbox 592 4283 618 4326; x_wconf 85' lang='lat' dir='ltr'><strong>at</strong></span> <span class='ocrx_word' id='word_1_308' title='bbox 627 4292 689 4342; x_wconf 85' lang='lat' dir='ltr'><strong>qua</strong></span> <span class='ocrx_word' id='word_1_309' title='bbox 730 4289 757 4333; x_wconf 88' lang='lat' dir='ltr'><strong>et</strong></span> <span class='ocrx_word' id='word_1_310' title='bbox 769 4285 871 4348; x_wconf 82' lang='lat' dir='ltr'><strong>Dictys.</strong></span> 
     </span>
    </p>
   </div>
   <div class='ocr_carea' id='block_1_6' title="bbox 0 0 1560 4950">
    <p class='ocr_par' dir='ltr' id='par_1_9' title="bbox 0 0 1560 4950">
     <span class='ocr_line' id='line_1_42' title="bbox 0 0 1560 4950; baseline 0 1"><span class='ocrx_word' id='word_1_311' title='bbox 0 0 1560 4950; x_wconf 95' lang='lat' dir='ltr'><strong> </strong></span> 
     </span>
    </p>
   </div>
  </div>
 </body>
</html>
