3178 4948
272 403 336 468 150
625 409 785 458 nistros
809 407 1016 457 ORETENSIS
1085 411 1089 420 '

263 541 409 640 'semper
422 553 497 618 his⁷
514 550 674 634 jamtum
689 567 710 614 a
725 549 905 634 majoribus
919 549 1089 632 provisum
1103 549 1203 634 atque
1216 547 1369 619 elabora-

274 669 356 735 turn,
379 656 430 720 oti
453 653 543 718 faeta
567 657 731 734 gestaque
754 669 868 715 eorum
891 652 966 714 laus
996 651 1112 734 potius
1136 670 1236 735 quam
1263 655 1369 738 eulpa

275 763 478 842 sequeretur.
521 753 566 818 Et
579 760 618 817 ut
632 761 711 816 ante
724 749 914 817 consulta⁸i
938 753 1105 830 omittam,
1120 752 1184 818 boo
1202 756 1274 840 jam
1288 757 1371 821 licet

272 881 308 925 re
332 863 578 941 cognoscerer⁹
606 853 735 938 injuriis
758 851 1037 936 contumeliisque
1059 853 1243 920 Aiexandri
1265 857 1370 938 paulo

274 969 351 1026 aute
367 960 454 1024 laesa
468 955 616 1048 Graeoia,
640 975 706 1020 non
726 956 770 1020 ad
784 957 853 1020 vim
877 975 984 1038 neque
1007 955 1052 1019 ad
1077 973 1167 1019 arma
1190 957 1370 1022 decursum

274 1068 337 1138 est,
353 1060 447 1146 quod
464 1056 646 1122 iracundiae
660 1057 824 1138 refugium
839 1075 914 1119 esse
929 1057 1024 1120 solet.
1070 1057 1104 1122 N
1107 1075 1160 1122 am
1175 1057 1216 1120 de
1232 1059 1371 1124 consilii

273 1163 448 1236 sententia,
462 1158 566 1239 legati
586 1156 629 1222 ad
652 1157 876 1240 recipiendam
894 1157 1073 1236 Helenam,
1095 1166 1135 1222 nt
1153 1159 1371 1238 meministis,

274 1284 351 1334 cum
358 1258 514 1326 Menelao
524 1257 695 1322 venimus:
711 1257 847 1339 quibus
859 1265 981 1340 praeter
994 1257 1178 1342 superbas*
1191 1261 1371 1325 uerborum

274 1366 383 1430 minae
397 1367 430 1426 et
444 1361 584 1424 insidias
599 1361 762 1438 occultas,
786 1361 869 1424 nibil
892 1382 914 1426 a
939 1363 1076 1428 Priamo
1098 1385 1203 1448 neque
1230 1365 1273 1429 ab
1294 1365 1370 1448 ejus

275 1461 413 1547 regulis¹
440 1463 614 1526 remissum
639 1470 718 1528 est!
763 1463 964 1547 Imperfecta
988 1465 1086 1546 igitur
1105 1485 1153 1542 re,
1178 1474 1214 1530 ut
1239 1466 1371 1548 opinor,

276 1585 487 1649 consequens
501 1564 564 1652 init
579 1575 673 1628 arma
688 1583 829 1647 capere;
846 1565 970 1648 jusque
990 1583 1050 1648 per
1068 1567 1135 1631 vim
1158 1573 1371 1650 extorquere,

277 1667 369 1750 quod
399 1667 505 1730 amice
532 1667 708 1749 impetrare
736 1667 908 1748 nequitum
936 1673 1023 1731 est.¹¹²
1060 1667 1194 1751 'ltaque
1225 1673 1342 1751 parato
1357 1673 1373 1704 ¹

277 1770 440 1846 exercitu,
456 1787 497 1832 ac
514 1775 564 1832 tot
578 1768 721 1849 egregiis
735 1775 838 1850 atque
851 1767 991 1852 inclytis
1005 1769 1158 1845 ducibus
1175 1789 1214 1832 ne
1229 1769 1280 1832 sic
1294 1769 1373 1852 qui·

277 1870 351 1934 dem
367 1872 520 1953 preeiium
542 1869 719 1934 adversum
735 1887 798 1933 vos
812 1869 896 1932 inire
911 1869 1086 1933 eonsilium
1103 1869 1188 1934 fuit:
1211 1869 1272 1934 sed
1294 1870 1373 1932 imi-

277 1971 340 2034 tati
364 1991 502 2048 morem,
524 1969 791 2055 modestiamque
820 1970 966 2046 solitam,
992 1970 1113 2034 iterato
1143 1971 1187 2034 ad
1211 1978 1295 2034 vos¹¹
1325 1971 1370 2046 ob

277 2074 418 2137 eandem
440 2091 578 2136 causam
604 2075 732 2134 oratum
756 2071 912 2133 venimus.
956 2069 1079 2143 Cetera
1094 2071 1128 2134 in
1144 2091 1241 2134 manu
1258 2076 1372 2134 vestra

277 2174 345 2238 sita
359 2172 616 2256 sunt,Trojaoi:
639 2189 749 2255 neque
764 2190 827 2234 nos
848 2171 972 2253 pigebit
996 2172 1232 2236 consensisse³
1260 2171 1372 2248 vobis,

278 2273 425 2338 simodo
448 2293 531 2336 sana
554 2291 647 2334 mens
669 2279 732 2346 est,
756 2271 898 2335 decretis
923 2271 1112 2335 salubribus
1137 2273 1250 2356 priora
1270 2273 1375 2336 male-

278 2376 434 2438 consulta
450 2375 624 2455 corrigere.
667 2371 747 2448 [22]
773 2371 838 2435 Per
864 2372 960 2437 Deos
986 2373 1192 2437 immortales
1216 2383 1371 2457 reputate
1401 2419 1403 2428 ‚

734 2539 913 2568 oeeeveeeuu

278 2669 293 2714 Β
311 2664 405 2726 Delpb.
422 2661 548 2724 mame
559 2663 616 2710 berre
632 2664 747 2710 amnuo.
757 2661 783 2710 iu
794 2663 884 2711 Meae
899 2665 1059 2712 meeemuite.
1092 2664 1215 2727 Vinding.
1236 2666 1373 2729 tegendum

278 2735 354 2792 putet
365 2733 389 2776 et
399 2731 428 2776 ut
435 2727 560 2788 preterita
571 2727 676 2775 emuna
687 2727 853 2776 omittam—9
870 2728 968 2790 Deipb.
979 2737 1008 2778 et
1018 2729 1095 2790 vulgo
1105 2741 1277 2790 recognoscere,
1288 2737 1295 2758 ¹
1305 2731 1373 2793 quod

280 2789 398 2854 sphalma
420 2791 523 2838 ebrium
544 2791 613 2852 apud
633 2789 792 2852 scriptores!
812 2790 971 2840 Obraka—1
990 2792 1129 2842 omittitur
1146 2799 1181 2850 ert
1198 2794 1224 2841 in
1243 2795 1374 2856 Deipbe-

277 2853 400 2917 i'Deiph.
410 2859 515 2916 peraeto,
527 2862 556 2903 et
565 2869 625 2902 mox
635 2853 740 2903 exbibet
752 2856 925 2918 posteaereita
937 2870 1012 2906 vocer
1024 2857 1098 2906 totius
1108 2858 1266 2908 (ἐκπίω-3
1279 2857 1375 2922 Delpb.

772 3013 879 3063 NO'l‘IE

284 3075 286 3082 Ι
309 3111 316 3144 ¹
333 3109 490 3175 [Preteritu]
511 3115 567 3159 oete
588 3107 705 3170 contuitu]
737 3109 806 3159 Satis
845 3109 963 3160 Priamus
982 3118 1061 3176 atque
1078 3111 1134 3176 ejus
1153 3113 1235 3176 reguli
1252 3112 1314 3161 nibil
1329 3121 1371 3161 re·

277 3185 373 3236 inisset
387 3185 493 3246 dixitne,
508 3187 515 3214 ‘
527 3193 588 3235 ante
599 3186 719 3234 consulte
729 3185 806 3236 omit·
846 3187 971 3257 miserunt
982 3203 998 3238 a
1013 3190 1132 3252 superbis
1144 3191 1220 3239 minis
1234 3199 1261 3240 et
1272 3191 1372 3240 insidiis

279 3260 351 3311 tem)
371 3261 420 3310 Vel
432 3260 585 3322 ‘preterita
595 3259 729 3311 omittura’
752 3260 806 3310 Sed
846 3262 964 3319 obruitis,
976 3272 1067 3312 contra
1077 3255 1186 3326 legatos.¹

279 3346 417 3400 utrumque
426 3335 494 3384 dixit
510 3336 662 3398 ‘praeterita
673 3344 733 3386 aute
745 3350 807 3392 tou·
876 3335 883 3370 ¹
901 3338 1000 3389 Priamo
1011 3353 1084 3402 aeque
1096 3339 1128 3388 ab
1142 3340 1192 3400 ejus
1208 3339 1309 3404 rrgutiu]
1331 3341 1373 3391 De

278 3412 364 3465 nuta?
386 3412 430 3462 sie
441 3410 569 3460 ‘minutos
579 3410 728 3474 pisciculor’
740 3410 807 3460 dixit
845 3415 942 3476 regulis
953 3415 1055 3478 quidem
1071 3415 1216 3476 Priamidis,
1227 3430 1315 3466 verum
1326 3425 1375 3466 est.

278 3487 386 3539 Terent.
412 3484 578 3534 Sicuiiualii.
606 3485 806 3536 lteinfreNos·
846 3489 898 3538 Sed
910 3489 943 3538 de
956 3489 1070 3551 Priamo,
1082 3489 1193 3552 iuleum3
1211 3499 1239 3540 ut
1255 3500 1329 3556 putet
1339 3507 1373 3542 ex

278 3569 330 3622 ter,
347 3560 450 3622 ‘priora
459 3561 661 3610 mulsedonum?
846 3562 922 3613 initio
941 3564 986 3614 lib.
997 3579 1017 3614 ι.
1049 3566 1100 3614 Sed
1113 3580 1170 3615 eum
1183 3568 1209 3615 iu
1220 3567 1317 3616 crimen
1330 3583 1375 3616 vo·

311 3635 432 3690 “Quibus
446 3639 535 3696 prater
552 3635 722 3698 superbeato
757 3637 806 3686 Re·
847 3641 1323 3704 eatUtysses,utiuveetenusseeuae.

277 3712 374 3760 nisum
383 3709 430 3772 ert]
441 3708 553 3770 Quibus,
565 3709 581 3760 i.
590 3725 613 3757 e.
625 3709 725 3760 Quibus
737 3711 805 3776 iege·
876 3725 894 3750 ¹²¹
912 3717 1042 3778 Nequitiam
1058 3719 1107 3781 est]
1131 3719 1278 3768 Pacuvius:
1301 3729 1309 3752 ⁶
1322 3721 1372 3770 Sed

277 3791 321 3838 tie.
351 3785 486 3835 Rembsum
507 3788 551 3840 ert,
573 3783 591 3832 i.
612 3797 635 3834 e.
655 3789 804 3848 responsum
845 3806 902 3842 eum
914 3793 1036 3840 contendi
1049 3795 1180 3858 nequitum
1197 3795 1233 3856 vi,
1249 3796 1316 3846 etum
1334 3797 1373 3846 iu·

278 3870 327 3912 est.
361 3860 454 3923 Neque
473 3857 548 3906 aliter
567 3857 608 3908 bie
627 3859 699 3908 loeus
717 3869 806 3924 potest
846 3865 1133 3930 tendeudeeetpbgr?

277 3936 395 4000 intelligi.
428 3933 481 3982 Sed
498 3933 566 3982 mule
581 3941 608 3981 et
618 3934 757 3998 improprie
770 3940 805 3988 io·
878 3948 890 3974 ¹¹
906 3942 996 3991 iterato
1010 3946 1042 3992 ud
1056 3945 1109 4008 eos]
1125 3944 1222 3994 Tamen
1242 3955 1301 4009 pout
1321 3949 1376 4011 pri-

232 4041 235 4047 ·
279 4013 367 4076 quitur
381 4009 485 4073 Dictys.
513 4007 805 4071 Scripsissedebnerot:
845 4007 1088 4080 mumiegatiouem
1107 4029 1248 4082 pugnatum
1267 4021 1327 4084 init,
1347 4023 1374 4072 in

279 4083 683 4150 Inquouasuperbisverborurn
695 4087 807 4138 miuieet
845 4093 1012 4144 exscensione
1023 4093 1124 4143 nuvium
1136 4095 1246 4146 scilieet.
1275 4097 1327 4146 Adi
1339 4098 1375 4146 io·

281 4163 379 4214 insidiia
397 4161 508 4211 occultis
524 4159 587 4208 nihii
604 4161 709 4212 Priamo
720 4177 806 4228 neque
845 4181 912 4216 cum.

280 4237 335 4300 ejus
354 4237 450 4300 regulis
466 4235 598 4285 remissum
616 4236 676 4286 eut?
710 4237 804 4301 idest,
903 4267 905 4272 ·
