3152 4950
435 395 484 442 ou
507 393 631 442 aauuo
650 391 823 442 raorrrro
846 355 918 444 ura
942 394 998 442 ιιι.
1082 409 1084 415 ·
1202 379 1269 452 loo

176 533 532 613 amensamens,
557 551 599 602 ao
624 535 798 618 prmoipue
816 534 975 612 toemluls,
988 535 1194 620 luotuatque
1208 555 1266 620 ge·

174 635 260 703 mita
270 634 381 700 omnia
392 635 557 720 completa
567 641 664 700 sunt:
680 635 780 717 quisi
794 653 862 700 uou
872 635 931 708 alii
942 638 1266 716 casusaoerhisoiari,

173 755 217 802 oe
231 735 385 806 interitus
392 721 544 819 quidem⁷
559 735 821 813 Priamidarum,
837 751 907 819 prm
916 735 1268 821 desiderioejusoordi

172 835 382 904 insederant:
406 841 530 902 tautum
552 837 589 902 iu
611 855 654 902 eo
677 836 757 904 rivo
784 836 1005 921 praesidium,q
1028 843 1064 904 et
1090 839 1266 906 interiecto

173 956 255 1020 spes
270 938 385 1004 oblata
399 937 605 1005 credebatur·
648 938 697 1004 At
711 938 839 1016 Greeoi,
855 937 891 1002 iu
905 945 1018 1004 eastra
1031 941 1182 1023 regressi,
1199 939 1267 1022 pu'·

172 1056 262 1104 mum
276 1041 423 1106 onmium
438 1039 604 1106 thillem
618 1041 786 1128 revisunt:
808 1057 950 1122 eumque
964 1038 1006 1104 de
1020 1043 1151 1108 voluere
1165 1048 1176 1074 ¹
1190 1059 1267 1122 per·
1391 1051 1393 1060 ’

173 1141 331 1217 cunctati,
344 1141 405 1206 ubl
418 1140 491 1205 siue
505 1139 621 1204 dolore
643 1157 741 1221 agera
754 1138 876 1214 rident,
899 1138 973 1206 lmti
995 1139 1039 1204 ud
1062 1146 1266 1222 postremum

170 1257 306 1306 narrare
342 1242 515 1324 oooipiuut
536 1239 682 1306 Patrocli
709 1237 812 1302 tortia
840 1238 957 1304 taeta:
997 1239 1077 1304 deiu
1108 1240 1267 1323 reliquos,

172 1340 233 1424 qui
262 1339 423 1408 vulnerati
459 1345 563 1416 eraut,
597 1355 659 1422 per
694 1337 845 1408 ordinem
873 1339 1100 1407 circumeunt:
1135 1341 1185 1406 ita
1213 1342 1266 1406 iu-

171 1440 336 1522 spectatis
351 1439 505 1507 omuibus
518 1441 562 1506 ad
578 1440 721 1504 tentoria
735 1459 801 1504 sua
814 1440 956 1524 quisque
972 1441 1164 1522 digreditur.
1208 1440 1264 1507 Iu·

170 1539 269 1616 terim
294 1539 447 1606 Achilles
473 1559 656 1622 regressum
682 1538 875 1606 Patroclum
904 1541 1068 1607 extollere
1094 1541 1262 1614 laudibus,

170 1637 248 1702 dein
263 1659 404 1719 mouere,
421 1641 469 1706 uti
493 1641 622 1724 reliquo
636 1659 769 1724 quoque
793 1640 884 1705 bello
906 1661 1031 1706 memor
1053 1661 1262 1726 rerumquae

87 1797 91 1805 .
169 1747 329 1822 gesserat,
343 1742 496 1808 hostibus
510 1741 730 1806 vehementius
753 1740 928 1823 ingrueret.
972 1741 1055 1806 Hoe
1076 1743 1176 1808 modo
1189 1763 1263 1808 uox

171 1827 384 1912 eonsumitur.
410 1841 459 1907 At
466 1842 554 1907 lueis
564 1842 730 1924 principio
743 1859 885 1925 corpora
894 1861 1031 1906 suorum
1042 1843 1185 1926 quisque
1194 1844 1263 1907 ool-

170 1941 262 2006 lecta
277 1943 345 2024 igui
360 1947 515 2020 cremant,
531 1942 608 2006 deiu
625 1941 800 2028 sepeliunt.
844 1941 917 2006 Sed·
927 1948 1105 2026 postquam
1118 1941 1191 2006 dies
1202 1943 1263 2006 ali·

170 2048 255 2124 quot
263 2043 347 2118 triti,
363 2051 399 2106 et
412 2041 578 2108 vulnerati
591 2041 841 2118 convaluerant,
860 2060 951 2106 arma
966 2041 1122 2126 expedire
1136 2047 1171 2106 et
1184 2061 1262 2124 pro·

170 2140 292 2209 ducere
301 2143 437 2210 militem
452 2144 575 2226 plaeet.
596 2141 677 2224 [lo]
689 2139 757 2206 Sed
766 2141 897 2205 barbari
908 2161 999 2206 more
1010 2141 1186 2224 pessimo,⁸
1199 2159 1263 2210 neo

171 2243 352 2326 quiequam
366 2243 601 2326 compositum,
614 2241 760 2324 nihilque
775 2240 866 2304 aliud
880 2260 982 2324 quam
1005 2243 1138 2306 turbata
1158 2247 1261 2324 atqua

169 2341 333 2423 insidiosa
348 2345 539 2428 cupientes,
561 2343 763 2426 clamatque
786 2347 862 2404 aute
883 2348 1013 2424 tempus
1035 2343 1163 2424 egressi
1176 2347 1262 2426 praei

168 2444 251 2508 lium
265 2451 481 2528 praevertere:
497 2451 641 2527 tonoque
656 2441 754 2510 effusi
769 2441 874 2506 ruinae
888 2441 1004 2520 modo,
1018 2443 1196 2509 clamorem
1211 2444 1263 2508 iu·

170 2543 352 2624 conditum,
374 2545 475 2609 simul
498 2550 531 2608 et
558 2543 626 2608 tela
650 2543 685 2606 iu
707 2541 821 2605 hostes
844 2541 1039 2626 conjiciunt,
1063 2543 1268 2608 semermos*
1336 2595 1338 2600 .

168 2645 339 2712 etiamtum
362 2652 464 2732 atque
485 2644 739 2730 incompositos.
783 2641 875 2708 Gaesi
890 2644 937 2708 ita
951 2650 1135 2710 nostrorum
1151 2643 1260 2722 multi,

168 2745 204 2808 in
225 2747 302 2828 quis
317 2745 515 2815 Arcesilaus
535 2746 718 2823 Boeotius,u
739 2751 776 2810 et
797 2745 974 2823 Schedius,
995 2743 1260 2814 Grisseeorurui',

168 2851 307 2936 uterque
330 2848 436 2914 duces
460 2849 596 2933 optimi:
619 2855 768 2912 ueterum
794 2837 971 2912 vulnerata
994 2865 1074 2930 pars
1091 2847 1260 2912 maxima.

617 3021 801 3056 quaem-om

166 3139 264 3192 omissa
274 3143 577 3206 suasorium-tillir.
588 3147 637 3192 tm
644 3105 782 3192 eorm-9
798 3139 889 3192 Barth.
899 3139 1036 3204 legendum
1054 3143 1132 3202 putat
1149 3137 1261 3200 teugu-

655 3315 768 3369 NO'l'AE

210 3430 323 3490 iiidie]
359 3431 481 3482 Foemiuis
502 3431 614 3486 seilicet,
638 3431 692 3488 eive
732 3431 853 3480 ‘tantum
870 3427 939 3478 lueo
956 3425 1014 3478 rivo
1030 3422 1196 3486 uariatum!
1228 3424 1261 3478 ld

165 3505 270 3558 eunetis
279 3503 405 3565 Trojuuiu.
437 3505 484 3554 Ait
501 3505 604 3568 Dictys,
622 3519 693 3554 reer-
733 3503 898 3564 probatior,
915 3497 1093 3555 ‘interfector’
1110 3511 1261 3561 uamoppo,
1301 3521 1305 3531 ·

165 3580 288 3634 hierimos
304 3591 389 3639 umor,
407 3577 486 3628 veluti
504 3576 694 3632 Priamiduruur
733 3579 774 3628 uit
790 3578 884 3632 riruru.
903 3575 1054 3628 luterleoto.
1085 3575 1197 3632 Andreae
1207 3571 1261 3628 Du·

165 3653 694 3717 interitum,uouite'l'rojauorumauiruo
733 3655 818 3706 euim.

167 3733 303 3794 meedirre,
320 3736 350 3780 ut
362 3728 456 3780 iuredit
467 3727 624 3782 desiderium
635 3726 694 3784 Sao,
767 3727 938 3791 rhomae]
950 3727 1026 3780 Quod
1037 3727 1060 3777 ei
1069 3728 1101 3778 ah
1109 3728 1212 3780 lieleuo
1222 3729 1260 3778 iu·

167 3807 285 3872 pedouie.
316 3805 369 3856 Sed
387 3805 431 3854 rix
449 3805 486 3856 ita
502 3803 629 3856 scriberet
639 3802 696 3856 bar,
733 3803 842 3865 fliotuur,
853 3817 931 3866 roura
942 3802 1041 3852 retulit.

167 3883 263 3934 haran
280 3880 392 3944 ‘quihus
407 3894 482 3932 eurus
493 3878 651 3934 acerbissimi
661 3878 695 3932 de
766 3888 776 3916 ⁸
791 3881 862 3932 More
874 3877 986 3942 μωιιιω]
1007 3879 1109 3930 ltloreur
1121 3877 1260 3941 patriorum

167 3957 276 4007 interitu
294 3953 481 4005 Priamlduruur
498 3969 548 4004 uon
560 3954 645 4004 auimo
656 3954 695 4008 iu,
734 3960 812 4006 voert
830 3955 856 4007 iu
872 3954 960 4004 hoster
976 3952 1161 4015 iuoomporitor
1176 3956 1204 4000 et
1214 3951 1260 4002 ime

168 4033 290 4084 rederaut
301 4047 356 4094 pro
373 4031 502 4082 desiderio
518 4030 695 4094 Sarpedonis!
735 4036 840 4094 paratos
848 4028 1012 4092 irruptionem
1021 4025 1116 4078 lacere.
1135 4024 1261 4080 Ridicule.

201 4107 359 4158 errationis
367 4095 454 4158 caetea
461 4103 536 4170 [otro]
546 4103 695 4168 matidiam]
767 4105 931 4168 ‘Seummel
964 4099 1133 4152 ‘Semermo’
1151 4105 1180 4150 et
1199 4101 1260 4150 ‘se-

169 4183 232 4234 Nou
255 4181 341 4243 potuit
364 4183 458 4244 Dictys
477 4195 530 4251 uou
546 4179 696 4246 rmiorirrer
735 4179 874 4242 murmuri
892 4185 923 4232 ut
934 4179 943 4208 ‘
953 4175 1068 4241 uraotlir’
1079 4181 1107 4230 et
1118 4175 1262 4242 ‘gracilem’
1279 4187 1283 4196 “

233 4260 353 4324 Delphet
366 4261 423 4312 Vur.
436 4262 501 4312 clue.
650 4260 718 4310 Dat.
732 4260 798 4311 cm.
1111 4283 1114 4288 ·
1169 4255 1195 4304 N
