3136 4948
415 394 463 440 nr
488 392 667 442 nrsrorm
692 393 800 444 nunni
826 377 1001 447 Ιιιιοιιιιιι.
1208 379 1252 443 25

160 535 372 600 occasionem
398 535 580 616 arripuisse
606 534 739 604 videtur
762 535 832 624 ille,
857 555 916 602 seu
940 526 1076 613 Prcxis,
1098 555 1157 600 seu
1185 535 1252 600 Eu·

159 635 333 724 praxides,
348 634 482 700 libellos
504 636 606 701 hosce
622 635 844 716 contingendi,
860 643 897 702 et
908 638 1008 718 quusi
1028 656 1074 700 ex
1094 637 1251 719 sepulcre

160 735 387 819 antiquissimi
411 736 555 820 Dictycs
583 743 660 820 post
685 741 778 802 terrm
801 747 932 804 motum
954 738 1106 821 collapso
1127 743 1250 812 erutos,

159 835 356 902 vanissime
379 835 540 918 Principi,
562 838 620 920 qui
643 837 751 902 Iliucu
781 838 928 902 maxime
953 847 1088 904 cuntnre
1109 839 1251 914 solebat,

159 937 264 1022 quiet
284 937 360 1019 ipse
374 936 501 1000 Troice
515 939 661 1020 scripsit,
678 941 783 1004 citutn
796 939 924 1021 saepius
942 959 964 1004 n
984 939 1106 1004 Sereie·
1116 939 1158 1002 ed
1173 933 1251 1002 Vir·

157 1038 286 1120 gilium,
309 1038 343 1100 in
358 1036 497 1102 Graecia
510 1043 589 1101 tunc
604 1037 773 1102 efferendi.
816 1038 929 1103 Terrre
943 1043 1053 1104 autern
1067 1045 1180 1104 metus
1198 1057 1252 1102 re-

156 1157 236 1202 vere
249 1146 333 1202 tunc
355 1137 519 1204 afflixerat
530 1137 663 1204 Cretum
677 1138 811 1221 quundo
828 1138 920 1204 Nero
934 1139 968 1203 iu
984 1139 1145 1204 Achaiam
1157 1138 1252 1214 uniit,

157 1238 335 1320 siquidem,
355 1258 432 1304 cum
443 1239 643 1320 Apollonius
658 1239 816 1323 Tyaneus
838 1239 930 1322 apud
955 1239 1192 1304 Philosuutum
1215 1240 1251 1302 in

157 1338 232 1422 ejus
247 1337 342 1415 Vite,
364 1339 422 1404 lib.
447 1355 498 1406 tv.
520 1357 596 1420 cup.
611 1339 664 1404 11.
686 1346 723 1404 ut
741 1340 814 1422 jum
835 1341 962 1404 mcunit
983 1339 1048 1404 Vir
1064 1338 1250 1403 eruditione

156 1439 309 1504 simulet
323 1439 486 1520 dignitate
502 1439 712 1522 amplissime
727 1441 941 1522 conspicuus,
956 1439 1028 1504 Ulr.
1051 1437 1251 1515 Obrechtus,

157 1557 204 1604 ex
223 1538 358 1604 Grsecie
377 1540 411 1604 in
427 1539 572 1616 Cretam,
594 1539 670 1622 ejus
694 1547 824 1606 tentum
847 1539 1000 1604 videudae
1025 1540 1144 1621 metis,
1163 1544 1252 1604 esset

155 1639 338 1721 proiectus,
360 1659 401 1706 uc
429 1640 505 1708 inde
533 1659 631 1724 porro
657 1637 804 1706 Remum
832 1643 894 1706 iter
915 1645 1058 1724 peruret,
1077 1647 1148 1704 tum
1171 1657 1250 1704 veru

155 1739 443 1826 σιισμδςάθρίωςτῇ
468 1741 565 1826 Κρήτῃ
581 1738 756 1827 spuriam,
779 1749 899 1808 ‘terres
923 1748 1034 1806 metus
1060 1743 1249 1808 universum

156 1841 421 1908 afflixitGretein
437 1844 456 1921 ς’
481 1851 516 1908 et
530 1844 590 1920 ite,
613 1852 649 1908 ut
662 1845 761 1927 quusi
775 1844 898 1908 tonitru
920 1863 965 1908 ex
988 1852 1076 1907 terre
1089 1841 1249 1920 ederetur,

156 1947 190 2008 et
202 1959 294 2009 mure
315 1944 511 2010 subsideret.
556 1945 640 2010 Inde
655 1955 767 2010 eutem
782 1945 927 2010 Remum
944 1944 1018 2028 jcru
1033 1942 1250 2019 contendens,

154 2044 189 2106 in
209 2061 282 2108 eum
301 2045 415 2110 urbem
431 2047 563 2112 venisse
577 2045 699 2110 dicitur
713 2065 791 2129 cup.
804 2047 857 2111 13.
900 2045 1060 2110 Telesino
1085 2043 1248 2120 ansule,

154 2144 214 2226 qui
227 2162 270 2206 en
284 2163 370 2208 enno
387 2143 531 2210 Neronis
546 2147 679 2210 ineunte
694 2145 918 2212 Consulatum
931 2165 1047 2210 revera
1057 2145 1173 2227 gessit.

199 2260 250 2307 vr.
272 2243 330 2308 Sic
346 2249 460 2325 putere
468 2243 540 2326 jum
555 2251 652 2326 puto,
670 2245 811 2310 eundem
825 2245 931 2310 tuisse
947 2247 1085 2329 Dictys,
1100 2251 1134 2309 'et
1147 2259 1247 2327 quern

152 2349 267 2408 noster
292 2344 480 2426 Septimius
499 2345 534 2408 in
555 2345 713 2410 Letinunr
739 2347 839 2412 vertit
857 2359 1066 2421 'sermenem
1092 2353 1126 2410 et
1147 2363 1248 2427 quem

154 2441 267 2508 Graeci
294 2442 497 2508 habuerunt.-
536 2441 683 2508 Accedit
708 2445 762 2509 his
788 2463 877 2524 vero,
891 2446 991 2529 qnod,
1013 2445 1113 2510 sicuti
1136 2451 1248 2510 nester

154 2545 355 2626 opusculum
370 2544 434 2618 hcc
457 2545 604 2630 Dictycs
627 2552 731 2612 vceut
744 2545 968 2629 Epherueride
989 2546 1078 2610 Belli
1099 2545 1248 2630 trojani,

153 2643 204 2706 sic
219 2644 391 2718 etSnidus
402 2664 498 2712 sunm
512 2646 637 2730 Dictyn
647 2646 825 2728 scripsisse
835 2641 1114 2729 dicnt’Eceprpilu
1125 2651 1247 2732 Τροῖιιιῦ

152 2741 317 2825 tranum,
339 2746 405 2812 hcc
425 2751 490 2825 est,
514 2746 758 2830 ‘Epherneride
781 2767 889 2814 rerum
913 2745 1005 2828 apnd
1019 2746 1156 2828 Trejurn
1171 2765 1248 2827 ges·

153 2845 282 2920 turum!
324 2846 417 2914 Num
432 2849 493 2912 vix
515 2848 644 2926 dubito,
659 2848 740 2932 quin
761 2849 855 2931 apud
883 2846 1024 2912 Suidmn
1044 2846 1122 2912 brec
1134 2847 1248 2923 verbs,

152 2944 260 3020 Δίκτυς
271 2947 424 3033 ‘Impexis
438 2945 562 3034 ίγριιιίιιι
575 2946 766 3032 Ἐφημιρίδα,
777 2948 838 3012 im
849 2949 877 3010 di
889 2950 928 3010 rol
941 2946 1004 3028 μί’
1012 2945 1138 3032 Ὅμηρον
1153 2969 1249 3010 ιιιιιιι-

12 3055 23 3072 ·
152 3048 274 3131 λογάδην
288 3049 316 3112 iv
331 3047 455 3130 βιβλίοις
469 3049 501 3112 li.
533 3052 677 3128 Ἰταλικοὶ,
693 3054 818 3133 sponset
833 3047 1007 3124 dadum:
1022 3048 1167 3130 legende
1181 3048 1248 3112 sint

152 3169 228 3213 curn
243 3148 383 3229 Allutic,
402 3159 436 3216 et
449 3151 683 3233 distinguenda
701 3169 780 3214 cnm
794 3149 982 3216 Obrechtc:
1005 3147 1113 3222 Δίκτυς
1127 3149 1248 3232 Ἰστορι-

153 3250 201 3324 ιιίς
222 3248 349 3337 ἔγραψεν
370 3250 543 3337 Ἐφιιμιρίδιι
563 3249 639 3327 (ἔστι
665 3252 693 3314 li
719 3256 759 3316 τὰ
779 3251 837 3332 put
854 3256 930 3331 Ὄμ.
952 3261 1062 3315 ιιιιτιιλ.
1085 3251 1112 3312 iv
1133 3250 1196 3328 βιβ.
1211 3247 1245 3315 θ’.

149 3351 283 3433 'lusam
298 3358 421 3436 Τρωικοῦ
434 3350 600 3433 διακόσμου.
630 3352 877 3418 Perenthesees
890 3352 1005 3428 istius,
1021 3351 1094 3414 sire
1109 3351 1154 3414 ιιι
1167 3352 1245 3432 ipse

151 3452 199 3515 sit
212 3451 331 3526 Suidu,
346 3452 417 3518 sive
433 3454 477 3516 ub
491 3454 567 3518 eliis
578 3455 613 3518 in
628 3451 807 3529 marginem
820 3452 965 3532 primurn
981 3469 1023 3514 ec
1033 3449 1111 3514 dein
1124 3449 1159 3512 in
1174 3455 1248 3514 tex·

44 3605 50 3616 .
150 3559 224 3617 tum
239 3551 349 3626 illata,
364 3551 553 3638 distinctio,
564 3553 655 3618 unde
666 3551 790 3634 pendet
803 3551 963 3634 genuinus
972 3550 1040 3616 leci
1050 3567 1181 3628 sensus,
1190 3549 1249 3614 de·
1366 3607 1368 3611 .

150 3654 260 3731 uemr,
276 3660 315 3716 ut
340 3654 423 3730 dixi,
437 3653 563 3724 illustri
576 3653 757 3730 Obrechtn,
779 3652 937 3734 quemad
959 3649 1144 3734 Epistulam
1160 3651 1247 3734 Sep-

152 3753 351 3820 timiirelim
366 3754 497 3822 videus.
540 3754 696 3822 Ceterum
712 3754 804 3838 qued
826 3753 917 3836 apud
941 3752 1081 3818 Suidem
1102 3752 1246 3834 legimns

151 3852 280 3937 Dictyn
302 3860 446 3924 ‘novem
469 3856 585 3922 libris’
605 3857 677 3924 hcec
699 3861 888 3930 executum,
910 3871 988 3920 cum
1007 3853 1191 3936 Septimius
1211 3851 1246 3916 ei

149 3954 296 4026 tribuere
312 3957 466 4025 videatur
490 3957 626 4028 ‘decern
649 3955 773 4034 libros:
794 3955 874 4022 dum
900 3953 1075 4036 ‘pricrnm
1093 3952 1244 4034 quinque

150 4055 360 4124 voluminum
375 4058 520 4130 eundern
542 4077 580 4126 se
599 4077 773 4126 nnmerum
786 4073 951 4134 servasse,
965 4049 1119 4124 residnc’
1131 4059 1244 4121 auteur
