3112 4950
474 366 522 412 na
547 365 825 416 exclamare
849 357 1005 420 rrrsron.⁴
1217 360 1283 428 317

195 525 269 570 acre
284 512 319 570 et
333 506 522 572 iracundum
538 509 594 574 fit:
617 509 820 576 fortissimus
836 512 977 593 quisque
999 513 1034 575 in
1051 514 1166 596 primis
1181 517 1283 582 cadit.

195 605 324 672 Hector
340 607 535 672 Patroclum
551 611 698 687 occidit·
710 616 742 674 et
755 631 831 674 eum
847 611 994 694 spoliare
1009 621 1117 694 parat.
1153 613 1285 682 Marion

193 707 293 770 eumb
317 727 360 772 ex
386 710 459 772 acie
482 729 526 774 ne
554 713 755 794 spoliaretur
779 713 914 794 eripuit
957 712 1087 776 Hector
1102 713 1285 788 Marionem

195 810 402 891 persequitur
416 818 451 874 et
465 811 612 875 occidit.c
642 813 751 890 Quem
768 831 843 876 cum
856 813 1009 878 similiter
1018 813 1161 896 spoliare
1176 817 1285 891 vellet,

196 911 332 975 advenit
346 915 522 995 suppetias
532 911 738 989 Mnestheus,
750 913 913 977 Hectoris
926 913 1031 976 femur
1042 914 1192 978 sauciat:
1208 935 1283 980 sau-

195 1012 268 1076 cius
283 1031 415 1094 quoque
431 1013 537 1076 multa
550 1013 652 1076 millia
666 1013 808 1076 occidit:
833 1020 866 1076 et
881 1021 1127 1096 perseverasset
1140 1012 1286 1078 Achivos

194 1111 322 1184 mittere
337 1113 371 1174 in
385 1111 509 1193 sugam,
529 1112 596 1176 nisi
610 1113 730 1176 obvius
744 1112 795 1175 illi
810 1111 902 1195 Ajax
915 1112 1131 1176 Telamonius
1146 1111 1286 1192 suisset3

194 1230 270 1274 cnm
280 1232 346 1294 quo
360 1213 438 1276 dum
454 1213 711 1294 congrederetur,
726 1215 885 1294 cognovit
894 1233 970 1276 eum
985 1233 1060 1276 esse
1069 1212 1111 1276 de
1124 1214 1285 1294 sauguine

195 1309 284 1388 suo,d
298 1315 459 1376 eratenim
471 1313 513 1376 de
525 1314 679 1377 Hesiona
690 1333 804 1378 sorore
819 1314 945 1378 Priami
956 1321 1065 1377 natus.
1089 1311 1169 1390 Quo
1182 1321 1285 1394 pacto

196 1413 326 1476 Hector
340 1415 513 1478 anavibus
529 1405 639 1494 ignem
654 1415 814 1478 removeri
824 1414 941 1496 jussit,
955 1419 990 1478 et
1004 1415 1135 1496 utrique
1151 1435 1187 1478 se
1202 1415 1286 1477 invi-

196 1531 265 1578 cem
281 1521 540 1590 muneraverunt,
550 1521 584 1578 et
598 1515 696 1580 amici
711 1515 952 1579 discesserunt.
979 1515 1120 1578 Postera
1133 1515 1187 1577 die
1201 1513 1286 1578 Gra-

190 1613 324 1695 jugenae
339 1615 489 1679 inducias
505 1622 634 1699 petunt.
678 1615 757 1697 [Ξο]
770 1616 921 1680 Achilles
938 1615 1132 1678 Patroclum
1144 1615 1286 1696 plangit,

195 1711 398 1796 Grajugeuae
412 1735 505 1778 suos.
535 1713 781 1795 'Agamemnon
797 1716 1021 1778 Protesilaum
1042 1715 1221 1800 magnifico
1235 1716 1288 1778 su·

195 1832 269 1876 nere
281 1815 383 1890 effert,
398 1823 591 1896 ceterosque
605 1815 813 1894 sepeliendos
829 1821 935 1878 curat.
965 1812 1116 1878 Achilles
1131 1813 1287 1878 Patroclo

195 1912 296 1976 ludos
316 1915 469 1977 funebres
490 1915 583 1978 facit.
628 1915 719 1978 Dum
735 1915 880 1978 induciae
896 1921 985 1990 sunt,
1003 1912 1201 1978 Palamedes
1221 1933 1287 1992 non

197 2019 310 2078 cessat
324 2014 519 2080 seditionem
534 2015 664 2078 facere:
688 2013 857 2095 indiguum
880 2033 989 2094 regem
1002 2012 1287 2095 Agamemnonem

196 2132 270 2176 esse
284 2115 341 2196 qui
357 2116 518 2179 exercitui
540 2115 682 2195 imperet
699 2121 735 2176 et
749 2113 922 2177 indoctum
936 2113 1035 2178 dixit.
1080 2112 1159 2194 Ipse
1175 2131 1287 2186 coram

197 2217 346 2297 exercitu
361 2217 467 2280 multa
482 2235 544 2279 sua
557 2215 706 2278 ostendit
719 2214 857 2278 erudiar
902 2213 1016 2278 Primo
1032 2231 1128 2276 suam
1145 2231 1289 2276 exscen-

198 2301 337 2390 sionem,
365 2321 550 2379 castrorum
575 2313 801 2389 munitionem,
828 2313 1012 2396 vigiliarum
1043 2312 1287 2388 circuitionem,

198 2413 284 2495 signi
297 2411 487 2492 dationem,f
498 2417 653 2478 librarum
668 2413 917 2497 ponderumque
932 2413 1184 2490 dimensionem,
1194 2432 1290 2476 ener-

199 2514 350 2597 citusque
361 2516 604 2578 instructionem
612 2512 769 2578 ostendit.
786 2514 874 2578 Haec
881 2533 959 2578 cum
971 2533 991 2578 a
1001 2534 1036 2578 se
1044 2514 1287 2589 antefuissent,

198 2633 264 2676 non
279 2631 410 2696 aequum
427 2635 516 2691 esse,
531 2633 606 2678 cum
621 2633 642 2676 a
655 2614 775 2694 paucis
789 2614 962 2696 imperium
978 2613 1092 2678 datum
1108 2611 1288 2695 Agamem·

199 2715 276 2777 noni
298 2721 437 2792 esset,²‘
459 2734 535 2778 eum
556 2716 710 2778 omnibus
725 2717 783 2797 qui
796 2723 917 2798 postea
932 2715 1163 2780 convenissent
1185 2714 1290 2795 impe·

232 3009 248 3054 2
265 3006 348 3056 Voces
358 3019 411 3062 carn
422 3012 450 3054 et
460 3011 519 3054 erret
531 3005 683 3056 omittuntur
694 3005 788 3069 Delph.

693 3143 799 3193 NOTlE

233 3248 245 3272 ²
261 3239 351 3290 Hector
366 3239 504 3288 Patroclum
515 3238 613 3302 oceidit]
638 3239 669 3288 In
682 3252 725 3287 ee·
765 3253 824 3288 eum
843 3237 967 3286 Patroclo
984 3236 1017 3285 ab
1034 3237 1150 3286 Hectore
1169 3234 1291 3298 occisum,

202 3316 287 3364 conde
302 3330 388 3378 pugne
399 3315 548 3366 Patroclum
564 3314 676 3364 occisum
684 3313 725 3364 fn·
766 3312 829 3362 dicit
840 3311 931 3360 unes.
964 3311 1041 3362 Quod
1061 3324 1094 3358 err
1113 3309 1227 3360 Homero
1244 3310 1294 3360 fal·

201 3391 250 3438 isse
267 3389 333 3438 dicit
344 3391 436 3447 Daren,
452 3397 544 3440 contra
559 3403 659 3440 munem
675 3391 725 3439 tris-
764 3402 820 3437 sum
832 3392 882 3443 eet,
892 3386 935 3450 qni
950 3399 1074 3450 nusquam
1084 3383 1209 3432 Marionis
1225 3397 1293 3432 mor·

203 3467 277 3514 toriae
289 3465 375 3514 iidem.
766 3470 819 3512 teor
830 3459 955 3510 narrarit.
1282 3495 1284 3504 ,

234 3539 245 3571 l
262 3539 357 3588 Marion
367 3538 429 3600 eom]
444 3539 553 3590 Hoecer
562 3540 676 3590 Homero
682 3553 726 3589 eo·
797 3535 810 3569 ἃ
828 3534 945 3595 Cognovit
954 3547 1007 3582 eura
1017 3533 1105 3582 careda
1114 3530 1230 3591 unguine
1239 3531 1293 3594 eno]

202 3615 282 3677 cepit,
302 3615 346 3664 red
366 3630 397 3668 aa
413 3615 566 3666 immutuit.
599 3615 727 3664 Homero·
766 3610 833 3659 'l'ota
843 3609 900 3657 lraec
911 3608 1017 3658 historia
1029 3607 1061 3656 de
1072 3605 1219 3669 cognitione
1231 3604 1293 3670 aja,-

202 3690 270 3738 enim
282 3691 429 3744 Patroclum
440 3690 472 3738 ab
483 3691 599 3746 Hectore
615 3689 727 3738 occisum
758 3686 802 3735 cis
814 3690 842 3734 et
853 3684 1112 3734 HectorisaDarete
1123 3680 1244 3730 conficta.
1282 3733 1284 3740 ,

203 3771 230 3812 et
242 3765 379 3828 spoliatum
396 3765 469 3826 dicit,
486 3771 577 3827 po'etea
593 3763 727 3832 advenisse
799 3761 960 3810 *Multorum
970 3761 1071 3810 ostendit
1086 3755 1177 3816 studio]
1200 3755 1245 3805 See
1255 3771 1292 3804 re·

201 3838 358 3899 Menelaum,
369 3837 487 3900 Ajacem,
504 3838 660 3898 Marionem,
678 3840 728 3885 &a
765 3835 881 3896 elerclee,
898 3834 1116 3884 murmurator
1142 3831 1183 3878 De
1201 3830 1231 3878 iis
1249 3843 1292 3878 sn·

202 3915 246 3977 qai
259 3914 372 3964 Patrocli
383 3914 495 3962 cadaver
512 3913 620 3962 Hectori
630 3912 727 3962 adime·
766 3925 823 3974 pre,
832 3909 900 3973 apud
912 3909 1020 3973 Dietyn.
1277 3955 1280 3964 Δ

202 3999 269 4054 rent,
280 3998 307 4040 et
319 3991 351 4040 ad
361 3991 469 4041 Grecos
477 3988 616 4040 referrent.
799 3983 809 4018 ¹
822 3984 895 4046 Sigei
902 3983 1033 4046 ¹dutr'ooem]
1049 3980 1159 4044 Gallice,
1169 3982 1191 4028 le
1201 3985 1260 4028 mot.

235 4072 246 4097 ⁰
273 4066 364 4116 Hector
384 4065 516 4114 Marionem
534 4062 683 4126 pmeeprritrrr
704 4067 727 4111 et
799 4064 851 4112 rA
871 4063 953 4124 peuda
978 4058 1102 4122 imperinm
1122 4058 1203 4104 dotum
1223 4055 1291 4116 Δμ-

204 4141 300 4204 ocridd]
326 4141 469 4191 Marionem
486 4140 511 4188 in
530 4138 620 4190 eadem
638 4151 727 4201 pugne
767 4137 894 4200 memnoni]
923 4135 1014 4186 Oratio
1035 4147 1084 4184 nou
1106 4129 1224 4196 procedit
1243 4131 1291 4179 uiri
1371 4161 1374 4172 ι
