<?xml version="1.0" encoding="UTF-8"?>
<!DOCTYPE html PUBLIC "-//W3C//DTD XHTML 1.0 Transitional//EN"
    "http://www.w3.org/TR/xhtml1/DTD/xhtml1-transitional.dtd">
<html xmlns="http://www.w3.org/1999/xhtml" xml:lang="en" lang="en">
 <head>
  <title>
</title>
<meta http-equiv="Content-Type" content="text/html;charset=utf-8" />
  <meta name='ocr-system' content='tesseract 3.04.00' />
  <meta name='ocr-capabilities' content='ocr_page ocr_carea ocr_par ocr_line ocrx_word'/>
</head>
<body>
  <div class='ocr_page' id='page_1' title='image "./dictyscretensis00dresgoog_0055.png"; bbox 0 0 3136 4948; ppageno 0'>
   <div class='ocr_carea' id='block_1_1' title="bbox 268 322 1108 418">
    <p class='ocr_par' dir='ltr' id='par_1_1' title="bbox 268 322 1108 418">
     <span class='ocr_line' id='line_1_1' title="bbox 268 322 1108 418; baseline -0.014 -8"><span class='ocrx_word' id='word_1_1' title='bbox 268 346 314 410; x_wconf 76' lang='grc'><strong>16</strong></span> <span class='ocrx_word' id='word_1_2' title='bbox 481 322 485 330; x_wconf 69' lang='grc'><strong>’</strong></span> <span class='ocrx_word' id='word_1_3' title='bbox 537 348 1108 418; x_wconf 75' lang='grc'><strong>11010111101110100111111110</strong></span> 
     </span>
    </p>
   </div>
   <div class='ocr_carea' id='block_1_2' title="bbox 269 494 1371 1302">
    <p class='ocr_par' dir='ltr' id='par_1_2' title="bbox 269 494 1371 1082">
     <span class='ocr_line' id='line_1_2' title="bbox 271 494 1370 588; baseline -0.008 -16"><span class='ocrx_word' id='word_1_4' title='bbox 271 503 479 588; x_wconf 75' lang='lat' dir='ltr'><strong>antiquitatis</strong></span> <span class='ocrx_word' id='word_1_5' title='bbox 494 519 565 565; x_wconf 85' lang='lat' dir='ltr'><strong>suae</strong></span> <span class='ocrx_word' id='word_1_6' title='bbox 580 499 674 564; x_wconf 86' lang='lat' dir='ltr'><strong>daret</strong></span> <span class='ocrx_word' id='word_1_7' title='bbox 688 495 877 580; x_wconf 82' lang='lat' dir='ltr'><strong>scriptioni:</strong></span> <span class='ocrx_word' id='word_1_8' title='bbox 899 511 1011 560; x_wconf 84' lang='lat' dir='ltr'><strong>earnm</strong></span> <span class='ocrx_word' id='word_1_9' title='bbox 1026 498 1135 560; x_wconf 86' lang='lat' dir='ltr'><strong>autem</strong></span> <span class='ocrx_word' id='word_1_10' title='bbox 1150 494 1315 562; x_wconf 83' lang='lat' dir='ltr'><strong>rationem</strong></span> <span class='ocrx_word' id='word_1_11' title='bbox 1332 499 1370 563; x_wconf 87' lang='lat' dir='ltr'><strong>iri</strong></span> 
     </span>
     <span class='ocr_line' id='line_1_3' title="bbox 269 595 1371 689; baseline -0.006 -16"><span class='ocrx_word' id='word_1_12' title='bbox 269 610 416 689; x_wconf 84' lang='lat' dir='ltr'><strong>linguam</strong></span> <span class='ocrx_word' id='word_1_13' title='bbox 443 601 667 687; x_wconf 79' lang='lat' dir='ltr'><strong>antiquissimi</strong></span> <span class='ocrx_word' id='word_1_14' title='bbox 693 600 866 683; x_wconf 87' lang='lat' dir='ltr'><strong>temporis,</strong></span> <span class='ocrx_word' id='word_1_15' title='bbox 892 604 927 662; x_wconf 89' lang='lat' dir='ltr'><strong>ut</strong></span> <span class='ocrx_word' id='word_1_16' title='bbox 948 595 1047 682; x_wconf 88' lang='lat' dir='ltr'><strong>plane</strong></span> <span class='ocrx_word' id='word_1_17' title='bbox 1069 598 1240 676; x_wconf 80' lang='lat' dir='ltr'><strong>incertam,</strong></span> <span class='ocrx_word' id='word_1_18' title='bbox 1264 601 1371 666; x_wconf 88' lang='lat' dir='ltr'><strong>voluit</strong></span> 
     </span>
     <span class='ocr_line' id='line_1_4' title="bbox 269 697 1371 785; baseline -0.005 -12"><span class='ocrx_word' id='word_1_19' title='bbox 269 709 387 776; x_wconf 86' lang='lat' dir='ltr'><strong>referre</strong></span> <span class='ocrx_word' id='word_1_20' title='bbox 395 709 456 772; x_wconf 86' lang='lat' dir='ltr'><strong>hac</strong></span> <span class='ocrx_word' id='word_1_21' title='bbox 472 705 700 780; x_wconf 84' lang='lat' dir='ltr'><strong>excusatione,</strong></span> <span class='ocrx_word' id='word_1_22' title='bbox 716 721 794 785; x_wconf 86' lang='lat' dir='ltr'><strong>quae</strong></span> <span class='ocrx_word' id='word_1_23' title='bbox 809 707 921 765; x_wconf 88' lang='lat' dir='ltr'><strong>tamen</strong></span> <span class='ocrx_word' id='word_1_24' title='bbox 936 702 1015 784; x_wconf 86' lang='lat' dir='ltr'><strong>ipsa</strong></span> <span class='ocrx_word' id='word_1_25' title='bbox 1029 700 1137 781; x_wconf 86' lang='lat' dir='ltr'><strong>magis</strong></span> <span class='ocrx_word' id='word_1_26' title='bbox 1152 701 1271 766; x_wconf 90' lang='lat' dir='ltr'><strong>iterum</strong></span> <span class='ocrx_word' id='word_1_27' title='bbox 1294 697 1371 772; x_wconf 59' lang='lat' dir='ltr'><strong>idohs</strong></span> 
     </span>
     <span class='ocr_line' id='line_1_5' title="bbox 269 797 1369 886; baseline -0.007 -8"><span class='ocrx_word' id='word_1_28' title='bbox 269 831 334 879; x_wconf 84' lang='lat' dir='ltr'><strong>nea</strong></span> <span class='ocrx_word' id='word_1_29' title='bbox 354 813 405 874; x_wconf 89' lang='lat' dir='ltr'><strong>est</strong></span> <span class='ocrx_word' id='word_1_30' title='bbox 419 808 463 872; x_wconf 85' lang='lat' dir='ltr'><strong>ad</strong></span> <span class='ocrx_word' id='word_1_31' title='bbox 485 805 662 882; x_wconf 87' lang='lat' dir='ltr'><strong>docendos,</strong></span> <span class='ocrx_word' id='word_1_32' title='bbox 685 821 754 868; x_wconf 91' lang='lat' dir='ltr'><strong>uon</strong></span> <span class='ocrx_word' id='word_1_33' title='bbox 775 802 912 886; x_wconf 87' lang='lat' dir='ltr'><strong>Trojani</strong></span> <span class='ocrx_word' id='word_1_34' title='bbox 938 803 1100 886; x_wconf 82' lang='lat' dir='ltr'><strong>temporis</strong></span> <span class='ocrx_word' id='word_1_35' title='bbox 1122 797 1285 882; x_wconf 84' lang='lat' dir='ltr'><strong>homines,</strong></span> <span class='ocrx_word' id='word_1_36' title='bbox 1308 802 1369 870; x_wconf 84' lang='lat' dir='ltr'><strong>sod</strong></span> 
     </span>
     <span class='ocr_line' id='line_1_6' title="bbox 269 905 1370 996; baseline -0.005 -18"><span class='ocrx_word' id='word_1_37' title='bbox 269 913 369 995; x_wconf 88' lang='lat' dir='ltr'><strong>longe</strong></span> <span class='ocrx_word' id='word_1_38' title='bbox 381 910 594 996; x_wconf 80' lang='lat' dir='ltr'><strong>posteriores,</strong></span> <span class='ocrx_word' id='word_1_39' title='bbox 610 925 695 990; x_wconf 86' lang='lat' dir='ltr'><strong>qnos</strong></span> <span class='ocrx_word' id='word_1_40' title='bbox 710 906 840 988; x_wconf 81' lang='lat' dir='ltr'><strong>antiqui</strong></span> <span class='ocrx_word' id='word_1_41' title='bbox 855 905 958 970; x_wconf 90' lang='lat' dir='ltr'><strong>moris</strong></span> <span class='ocrx_word' id='word_1_42' title='bbox 966 911 1001 970; x_wconf 88' lang='lat' dir='ltr'><strong>et</strong></span> <span class='ocrx_word' id='word_1_43' title='bbox 1014 905 1138 986; x_wconf 83' lang='lat' dir='ltr'><strong>linguae</strong></span> <span class='ocrx_word' id='word_1_44' title='bbox 1152 905 1287 988; x_wconf 84' lang='lat' dir='ltr'><strong>ignaros</strong></span> <span class='ocrx_word' id='word_1_45' title='bbox 1301 921 1370 972; x_wconf 86' lang='lat' dir='ltr'><strong>nou</strong></span> 
     </span>
     <span class='ocr_line' id='line_1_7' title="bbox 269 1007 894 1082; baseline -0.014 -2"><span class='ocrx_word' id='word_1_46' title='bbox 269 1015 343 1082; x_wconf 86' lang='lat' dir='ltr'><strong>vult</strong></span> <span class='ocrx_word' id='word_1_47' title='bbox 359 1009 507 1077; x_wconf 89' lang='lat' dir='ltr'><strong>‘mirari&#39;</strong></span> <span class='ocrx_word' id='word_1_48' title='bbox 522 1027 618 1074; x_wconf 89' lang='lat' dir='ltr'><strong>suam</strong></span> <span class='ocrx_word' id='word_1_49' title='bbox 632 1007 894 1072; x_wconf 68' lang='lat' dir='ltr'><strong>haesitationem.</strong></span> 
     </span>
    </p>

    <p class='ocr_par' dir='ltr' id='par_1_3' title="bbox 269 1107 1369 1302">
     <span class='ocr_line' id='line_1_8' title="bbox 313 1107 1369 1195; baseline -0.004 -15"><span class='ocrx_word' id='word_1_50' title='bbox 313 1131 459 1180; x_wconf 82' lang='lat' dir='ltr'><strong>xxtnn.</strong></span> <span class='ocrx_word' id='word_1_51' title='bbox 483 1113 639 1195; x_wconf 87' lang='lat' dir='ltr'><strong>Denique</strong></span> <span class='ocrx_word' id='word_1_52' title='bbox 660 1116 698 1174; x_wconf 90' lang='lat' dir='ltr'><strong>ut</strong></span> <span class='ocrx_word' id='word_1_53' title='bbox 721 1108 905 1180; x_wconf 84' lang='lat' dir='ltr'><strong>absolvam,</strong></span> <span class='ocrx_word' id='word_1_54' title='bbox 920 1107 975 1172; x_wconf 90' lang='lat' dir='ltr'><strong>oui</strong></span> <span class='ocrx_word' id='word_1_55' title='bbox 997 1127 1063 1172; x_wconf 89' lang='lat' dir='ltr'><strong>nou</strong></span> <span class='ocrx_word' id='word_1_56' title='bbox 1083 1109 1281 1193; x_wconf 85' lang='lat' dir='ltr'><strong>suspectum</strong></span> <span class='ocrx_word' id='word_1_57' title='bbox 1295 1111 1369 1188; x_wconf 88' lang='lat' dir='ltr'><strong>erit,</strong></span> 
     </span>
     <span class='ocr_line' id='line_1_9' title="bbox 269 1207 1369 1302; baseline -0.005 -19"><span class='ocrx_word' id='word_1_58' title='bbox 269 1219 331 1302; x_wconf 88' lang='lat' dir='ltr'><strong>qni·</strong></span> <span class='ocrx_word' id='word_1_59' title='bbox 344 1217 488 1281; x_wconf 86' lang='lat' dir='ltr'><strong>animum</strong></span> <span class='ocrx_word' id='word_1_60' title='bbox 505 1211 655 1277; x_wconf 86' lang='lat' dir='ltr'><strong>attendet</strong></span> <span class='ocrx_word' id='word_1_61' title='bbox 676 1209 814 1274; x_wconf 73' lang='lat' dir='ltr'><strong>auxiium</strong></span> <span class='ocrx_word' id='word_1_62' title='bbox 839 1207 921 1271; x_wconf 84' lang='lat' dir='ltr'><strong>illud</strong></span> <span class='ocrx_word' id='word_1_63' title='bbox 943 1215 978 1272; x_wconf 91' lang='lat' dir='ltr'><strong>et</strong></span> <span class='ocrx_word' id='word_1_64' title='bbox 993 1211 1170 1291; x_wconf 73' lang='lat' dir='ltr'><strong>quaesitum</strong></span> <span class='ocrx_word' id='word_1_65' title='bbox 1188 1211 1277 1276; x_wconf 88' lang='lat' dir='ltr'><strong>adeo</strong></span> <span class='ocrx_word' id='word_1_66' title='bbox 1297 1216 1369 1278; x_wconf 87' lang='lat' dir='ltr'><strong>stn-</strong></span> 
     </span>
    </p>
   </div>
   <div class='ocr_carea' id='block_1_3' title="bbox 156 1309 1369 1396">
    <p class='ocr_par' dir='ltr' id='par_1_4' title="bbox 156 1309 1369 1396">
     <span class='ocr_line' id='line_1_10' title="bbox 156 1309 1369 1396; baseline -0.007 -9"><span class='ocrx_word' id='word_1_67' title='bbox 156 1315 158 1320; x_wconf 72' lang='grc'><strong>’</strong></span> <span class='ocrx_word' id='word_1_68' title='bbox 269 1321 362 1391; x_wconf 83' lang='lat' dir='ltr'><strong>diurn</strong></span> <span class='ocrx_word' id='word_1_69' title='bbox 386 1314 548 1382; x_wconf 88' lang='lat' dir='ltr'><strong>reddendi</strong></span> <span class='ocrx_word' id='word_1_70' title='bbox 565 1315 668 1379; x_wconf 89' lang='lat' dir='ltr'><strong>toties</strong></span> <span class='ocrx_word' id='word_1_71' title='bbox 682 1311 857 1384; x_wconf 88' lang='lat' dir='ltr'><strong>rationem,</strong></span> <span class='ocrx_word' id='word_1_72' title='bbox 872 1309 963 1373; x_wconf 87' lang='lat' dir='ltr'><strong>unde</strong></span> <span class='ocrx_word' id='word_1_73' title='bbox 985 1310 1059 1375; x_wconf 87' lang='lat' dir='ltr'><strong>hoec</strong></span> <span class='ocrx_word' id='word_1_74' title='bbox 1075 1312 1187 1376; x_wconf 89' lang='lat' dir='ltr'><strong>omnia</strong></span> <span class='ocrx_word' id='word_1_75' title='bbox 1201 1329 1369 1396; x_wconf 80' lang='lat' dir='ltr'><strong>cognove-</strong></span> 
     </span>
    </p>
   </div>
   <div class='ocr_carea' id='block_1_4' title="bbox 266 1412 1370 2516">
    <p class='ocr_par' dir='ltr' id='par_1_5' title="bbox 266 1412 1370 2414">
     <span class='ocr_line' id='line_1_11' title="bbox 268 1412 1369 1499; baseline -0.005 -13"><span class='ocrx_word' id='word_1_76' title='bbox 268 1423 336 1486; x_wconf 82' lang='lat' dir='ltr'><strong>ritl</strong></span> <span class='ocrx_word' id='word_1_77' title='bbox 382 1419 492 1485; x_wconf 84' lang='lat' dir='ltr'><strong>Etiam</strong></span> <span class='ocrx_word' id='word_1_78' title='bbox 509 1417 609 1499; x_wconf 85' lang='lat' dir='ltr'><strong>vulgo</strong></span> <span class='ocrx_word' id='word_1_79' title='bbox 624 1415 739 1492; x_wconf 74' lang='lat' dir='ltr'><strong>fertur,</strong></span> <span class='ocrx_word' id='word_1_80' title='bbox 750 1431 824 1491; x_wconf 90' lang='lat' dir='ltr'><strong>eos,</strong></span> <span class='ocrx_word' id='word_1_81' title='bbox 840 1413 898 1494; x_wconf 89' lang='lat' dir='ltr'><strong>qui</strong></span> <span class='ocrx_word' id='word_1_82' title='bbox 914 1431 951 1475; x_wconf 91' lang='lat' dir='ltr'><strong>se</strong></span> <span class='ocrx_word' id='word_1_83' title='bbox 966 1412 1118 1476; x_wconf 89' lang='lat' dir='ltr'><strong>studiose</strong></span> <span class='ocrx_word' id='word_1_84' title='bbox 1136 1415 1233 1479; x_wconf 90' lang='lat' dir='ltr'><strong>nimis</strong></span> <span class='ocrx_word' id='word_1_85' title='bbox 1248 1415 1369 1481; x_wconf 86' lang='lat' dir='ltr'><strong>identi-</strong></span> 
     </span>
     <span class='ocr_line' id='line_1_12' title="bbox 269 1513 1370 1604; baseline -0.005 -14"><span class='ocrx_word' id='word_1_86' title='bbox 269 1525 343 1590; x_wconf 85' lang='lat' dir='ltr'><strong>dem</strong></span> <span class='ocrx_word' id='word_1_87' title='bbox 360 1527 540 1596; x_wconf 85' lang='lat' dir='ltr'><strong>excusant,</strong></span> <span class='ocrx_word' id='word_1_88' title='bbox 553 1519 647 1602; x_wconf 89' lang='lat' dir='ltr'><strong>ipsos</strong></span> <span class='ocrx_word' id='word_1_89' title='bbox 661 1537 699 1581; x_wconf 87' lang='lat' dir='ltr'><strong>se</strong></span> <span class='ocrx_word' id='word_1_90' title='bbox 714 1530 886 1581; x_wconf 88' lang='lat' dir='ltr'><strong>accusare.</strong></span> <span class='ocrx_word' id='word_1_91' title='bbox 930 1513 987 1578; x_wconf 88' lang='lat' dir='ltr'><strong>Ita</strong></span> <span class='ocrx_word' id='word_1_92' title='bbox 1001 1531 1079 1579; x_wconf 87' lang='lat' dir='ltr'><strong>vero</strong></span> <span class='ocrx_word' id='word_1_93' title='bbox 1091 1524 1271 1599; x_wconf 90' lang='lat' dir='ltr'><strong>suspectus</strong></span> <span class='ocrx_word' id='word_1_94' title='bbox 1286 1531 1370 1604; x_wconf 70' lang='lat' dir='ltr'><strong>quo-¹</strong></span> 
     </span>
     <span class='ocr_line' id='line_1_13' title="bbox 269 1615 1368 1708; baseline -0.005 -17"><span class='ocrx_word' id='word_1_95' title='bbox 269 1629 399 1708; x_wconf 80' lang='lat' dir='ltr'><strong>qne&#39;est</strong></span> <span class='ocrx_word' id='word_1_96' title='bbox 413 1623 510 1686; x_wconf 86' lang='lat' dir='ltr'><strong>malae</strong></span> <span class='ocrx_word' id='word_1_97' title='bbox 525 1621 616 1697; x_wconf 87' lang='lat' dir='ltr'><strong>fidei,</strong></span> <span class='ocrx_word' id='word_1_98' title='bbox 632 1619 689 1702; x_wconf 93' lang='lat' dir='ltr'><strong>qni</strong></span> <span class='ocrx_word' id='word_1_99' title='bbox 699 1617 831 1682; x_wconf 87' lang='lat' dir='ltr'><strong>solicito</strong></span> <span class='ocrx_word' id='word_1_100' title='bbox 844 1617 929 1680; x_wconf 82' lang='lat' dir='ltr'><strong>adeo</strong></span> <span class='ocrx_word' id='word_1_101' title='bbox 945 1615 1151 1680; x_wconf 86' lang='lat' dir='ltr'><strong>suamlidem</strong></span> <span class='ocrx_word' id='word_1_102' title='bbox 1168 1619 1267 1684; x_wconf 89' lang='lat' dir='ltr'><strong>toties</strong></span> <span class='ocrx_word' id='word_1_103' title='bbox 1281 1641 1368 1706; x_wconf 85' lang='lat' dir='ltr'><strong>prae-</strong></span> 
     </span>
     <span class='ocr_line' id='line_1_14' title="bbox 268 1717 1370 1807; baseline -0.015 -14"><span class='ocrx_word' id='word_1_104' title='bbox 268 1728 361 1793; x_wconf 85' lang='lat' dir='ltr'><strong>dicat</strong></span> <span class='ocrx_word' id='word_1_105' title='bbox 381 1731 415 1790; x_wconf 87' lang='lat' dir='ltr'><strong>et</strong></span> <span class='ocrx_word' id='word_1_106' title='bbox 436 1721 657 1799; x_wconf 85' lang='lat' dir='ltr'><strong>commendat,</strong></span> <span class='ocrx_word' id='word_1_107' title='bbox 677 1725 715 1784; x_wconf 90' lang='lat' dir='ltr'><strong>nt</strong></span> <span class='ocrx_word' id='word_1_108' title='bbox 730 1719 858 1784; x_wconf 87' lang='lat' dir='ltr'><strong>Noster</strong></span> <span class='ocrx_word' id='word_1_109' title='bbox 872 1717 956 1782; x_wconf 81' lang='lat' dir='ltr'><strong>facit</strong></span> <span class='ocrx_word' id='word_1_110' title='bbox 970 1719 1143 1783; x_wconf 86' lang='lat' dir='ltr'><strong>minimum</strong></span> <span class='ocrx_word' id='word_1_111' title='bbox 1158 1725 1210 1785; x_wconf 88' lang='lat' dir='ltr'><strong>ter</strong></span> <span class='ocrx_word' id='word_1_112' title='bbox 1225 1739 1269 1786; x_wconf 86' lang='lat' dir='ltr'><strong>ex</strong></span> <span class='ocrx_word' id='word_1_113' title='bbox 1292 1744 1370 1807; x_wconf 87' lang='lat' dir='ltr'><strong>pro.</strong></span> 
     </span>
     <span class='ocr_line' id='line_1_15' title="bbox 268 1821 1368 1907; baseline -0.002 -13"><span class='ocrx_word' id='word_1_114' title='bbox 268 1831 360 1894; x_wconf 83' lang='lat' dir='ltr'><strong>fesso</strong></span> <span class='ocrx_word' id='word_1_115' title='bbox 379 1829 415 1892; x_wconf 90' lang='lat' dir='ltr'><strong>iu</strong></span> <span class='ocrx_word' id='word_1_116' title='bbox 436 1827 561 1907; x_wconf 85' lang='lat' dir='ltr'><strong>exigno</strong></span> <span class='ocrx_word' id='word_1_117' title='bbox 583 1823 646 1888; x_wconf 89' lang='lat' dir='ltr'><strong>boc</strong></span> <span class='ocrx_word' id='word_1_118' title='bbox 668 1821 796 1899; x_wconf 85' lang='lat' dir='ltr'><strong>libello,</strong></span> <span class='ocrx_word' id='word_1_119' title='bbox 812 1821 986 1885; x_wconf 85' lang='lat' dir='ltr'><strong>inculcans</strong></span> <span class='ocrx_word' id='word_1_120' title='bbox 1009 1821 1190 1886; x_wconf 88' lang='lat' dir='ltr'><strong>identidem</strong></span> <span class='ocrx_word' id='word_1_121' title='bbox 1205 1844 1242 1888; x_wconf 87' lang='lat' dir='ltr'><strong>se</strong></span> <span class='ocrx_word' id='word_1_122' title='bbox 1268 1825 1368 1892; x_wconf 84' lang='lat' dir='ltr'><strong>inter-</strong></span> 
     </span>
     <span class='ocr_line' id='line_1_16' title="bbox 267 1911 1367 2012; baseline -0.002 -16"><span class='ocrx_word' id='word_1_123' title='bbox 267 1930 488 1996; x_wconf 70' lang='lat' dir='ltr'><strong>munerebus</strong></span> <span class='ocrx_word' id='word_1_124' title='bbox 510 1927 626 2008; x_wconf 84' lang='lat' dir='ltr'><strong>gestis,</strong></span> <span class='ocrx_word' id='word_1_125' title='bbox 642 1923 734 2009; x_wconf 89' lang='lat' dir='ltr'><strong>quod</strong></span> <span class='ocrx_word' id='word_1_126' title='bbox 749 1911 849 1988; x_wconf 85' lang='lat' dir='ltr'><strong>neruo</strong></span> <span class='ocrx_word' id='word_1_127' title='bbox 870 1929 962 2000; x_wconf 90' lang='lat' dir='ltr'><strong>tnnc,</strong></span> <span class='ocrx_word' id='word_1_128' title='bbox 986 1923 1021 1986; x_wconf 93' lang='lat' dir='ltr'><strong>iu</strong></span> <span class='ocrx_word' id='word_1_129' title='bbox 1042 1925 1154 2006; x_wconf 83' lang='lat' dir='ltr'><strong>patria</strong></span> <span class='ocrx_word' id='word_1_130' title='bbox 1178 1933 1268 1990; x_wconf 90' lang='lat' dir='ltr'><strong>certe</strong></span> <span class='ocrx_word' id='word_1_131' title='bbox 1283 1927 1367 2012; x_wconf 88' lang='lat' dir='ltr'><strong>ejus,</strong></span> 
     </span>
     <span class='ocr_line' id='line_1_17' title="bbox 268 2021 1367 2113; baseline -0.001 -16"><span class='ocrx_word' id='word_1_132' title='bbox 268 2033 420 2113; x_wconf 79' lang='lat' dir='ltr'><strong>ignorare</strong></span> <span class='ocrx_word' id='word_1_133' title='bbox 432 2027 607 2112; x_wconf 88' lang='lat' dir='ltr'><strong>potuisset.</strong></span> <span class='ocrx_word' id='word_1_134' title='bbox 651 2021 740 2088; x_wconf 85' lang='lat' dir='ltr'><strong>Vide</strong></span> <span class='ocrx_word' id='word_1_135' title='bbox 758 2039 782 2084; x_wconf 91' lang='lat'><strong>1.</strong></span> <span class='ocrx_word' id='word_1_136' title='bbox 803 2024 856 2088; x_wconf 79' lang='grc'><strong>13.</strong></span> <span class='ocrx_word' id='word_1_137' title='bbox 873 2040 908 2086; x_wconf 88' lang='lat' dir='ltr'><strong>v.</strong></span> <span class='ocrx_word' id='word_1_138' title='bbox 922 2023 975 2087; x_wconf 82' lang='lat'><strong>17.</strong></span> <span class='ocrx_word' id='word_1_139' title='bbox 991 2039 1042 2086; x_wconf 88' lang='lat' dir='ltr'><strong>vr.</strong></span> <span class='ocrx_word' id='word_1_140' title='bbox 1057 2025 1109 2088; x_wconf 86' lang='lat' dir='ltr'><strong>lo.</strong></span> <span class='ocrx_word' id='word_1_141' title='bbox 1154 2025 1224 2091; x_wconf 86' lang='lat' dir='ltr'><strong>Sed</strong></span> <span class='ocrx_word' id='word_1_142' title='bbox 1246 2035 1280 2094; x_wconf 88' lang='lat' dir='ltr'><strong>et</strong></span> <span class='ocrx_word' id='word_1_143' title='bbox 1301 2029 1367 2096; x_wconf 89' lang='lat' dir='ltr'><strong>boc</strong></span> 
     </span>
     <span class='ocr_line' id='line_1_18' title="bbox 268 2125 1367 2217; baseline 0 -19"><span class='ocrx_word' id='word_1_144' title='bbox 268 2131 455 2198; x_wconf 80' lang='lat' dir='ltr'><strong>sinedobio</strong></span> <span class='ocrx_word' id='word_1_145' title='bbox 470 2144 640 2212; x_wconf 85' lang='lat' dir='ltr'><strong>aspersum</strong></span> <span class='ocrx_word' id='word_1_146' title='bbox 652 2132 707 2192; x_wconf 90' lang='lat' dir='ltr'><strong>est</strong></span> <span class='ocrx_word' id='word_1_147' title='bbox 718 2126 815 2190; x_wconf 83' lang='lat' dir='ltr'><strong>unico</strong></span> <span class='ocrx_word' id='word_1_148' title='bbox 830 2125 874 2189; x_wconf 87' lang='lat' dir='ltr'><strong>nd</strong></span> <span class='ocrx_word' id='word_1_149' title='bbox 886 2125 1075 2192; x_wconf 80' lang='lat' dir='ltr'><strong>faciendam</strong></span> <span class='ocrx_word' id='word_1_150' title='bbox 1091 2143 1179 2192; x_wconf 89' lang='lat' dir='ltr'><strong>novo</strong></span> <span class='ocrx_word' id='word_1_151' title='bbox 1191 2137 1224 2196; x_wconf 87' lang='lat' dir='ltr'><strong>et</strong></span> <span class='ocrx_word' id='word_1_152' title='bbox 1240 2147 1367 2217; x_wconf 88' lang='lat' dir='ltr'><strong>suppo·</strong></span> 
     </span>
     <span class='ocr_line' id='line_1_19' title="bbox 266 2225 1370 2315; baseline -0.011 -18"><span class='ocrx_word' id='word_1_153' title='bbox 266 2233 335 2297; x_wconf 87' lang='lat' dir='ltr'><strong>sito</strong></span> <span class='ocrx_word' id='word_1_154' title='bbox 350 2232 540 2315; x_wconf 64' lang='lat' dir='ltr'><strong>operulam</strong></span> <span class='ocrx_word' id='word_1_155' title='bbox 555 2227 686 2310; x_wconf 84' lang='lat' dir='ltr'><strong>antiqui</strong></span> <span class='ocrx_word' id='word_1_156' title='bbox 701 2227 859 2304; x_wconf 85' lang='lat' dir='ltr'><strong>auctoris,</strong></span> <span class='ocrx_word' id='word_1_157' title='bbox 874 2225 971 2310; x_wconf 85' lang='lat' dir='ltr'><strong>cnjus</strong></span> <span class='ocrx_word' id='word_1_158' title='bbox 986 2243 1105 2292; x_wconf 87' lang='lat' dir='ltr'><strong>nornen</strong></span> <span class='ocrx_word' id='word_1_159' title='bbox 1128 2248 1198 2313; x_wconf 80' lang='lat' dir='ltr'><strong>prae</strong></span> <span class='ocrx_word' id='word_1_160' title='bbox 1223 2250 1260 2296; x_wconf 89' lang='lat' dir='ltr'><strong>se</strong></span> <span class='ocrx_word' id='word_1_161' title='bbox 1282 2233 1370 2299; x_wconf 33' lang='lat' dir='ltr'><strong>sere..</strong></span> 
     </span>
     <span class='ocr_line' id='line_1_20' title="bbox 267 2329 955 2414; baseline -0.009 -16"><span class='ocrx_word' id='word_1_162' title='bbox 267 2335 341 2412; x_wconf 85' lang='lat' dir='ltr'><strong>bat,</strong></span> <span class='ocrx_word' id='word_1_163' title='bbox 354 2333 467 2410; x_wconf 89' lang='lat' dir='ltr'><strong>fidem,</strong></span> <span class='ocrx_word' id='word_1_164' title='bbox 485 2330 645 2414; x_wconf 82' lang='lat' dir='ltr'><strong>speciem,</strong></span> <span class='ocrx_word' id='word_1_165' title='bbox 660 2336 696 2393; x_wconf 90' lang='grc'><strong>01</strong></span> <span class='ocrx_word' id='word_1_166' title='bbox 711 2329 955 2394; x_wconf 87' lang='lat' dir='ltr'><strong>auctoritatem.</strong></span> 
     </span>
    </p>

    <p class='ocr_par' dir='ltr' id='par_1_6' title="bbox 311 2431 1366 2516">
     <span class='ocr_line' id='line_1_21' title="bbox 311 2431 1366 2516; baseline 0.005 -16"><span class='ocrx_word' id='word_1_167' title='bbox 311 2450 429 2500; x_wconf 73' lang='lat' dir='ltr'><strong>xxrx.</strong></span> <span class='ocrx_word' id='word_1_168' title='bbox 453 2431 542 2509; x_wconf 85' lang='lat' dir='ltr'><strong>Quis</strong></span> <span class='ocrx_word' id='word_1_169' title='bbox 558 2449 635 2512; x_wconf 85' lang='lat' dir='ltr'><strong>ergo</strong></span> <span class='ocrx_word' id='word_1_170' title='bbox 659 2447 759 2493; x_wconf 87' lang='lat' dir='ltr'><strong>verus</strong></span> <span class='ocrx_word' id='word_1_171' title='bbox 780 2431 880 2494; x_wconf 90' lang='lat' dir='ltr'><strong>istius</strong></span> <span class='ocrx_word' id='word_1_172' title='bbox 904 2431 1057 2498; x_wconf 84' lang='lat' dir='ltr'><strong>historiae</strong></span> <span class='ocrx_word' id='word_1_173' title='bbox 1082 2439 1199 2498; x_wconf 87' lang='lat' dir='ltr'><strong>auctor</strong></span> <span class='ocrx_word' id='word_1_174' title='bbox 1213 2433 1366 2516; x_wconf 84' lang='grc' dir='ltr'><strong>100111,οἰ</strong></span> 
     </span>
    </p>
   </div>
   <div class='ocr_carea' id='block_1_5' title="bbox 106 2516 1370 3024">
    <p class='ocr_par' dir='ltr' id='par_1_7' title="bbox 106 2516 1370 3024">
     <span class='ocr_line' id='line_1_22' title="bbox 106 2516 1366 2620; baseline 0.002 -18"><span class='ocrx_word' id='word_1_175' title='bbox 106 2529 111 2536; x_wconf 77' lang='grc'><strong>’</strong></span> <span class='ocrx_word' id='word_1_176' title='bbox 203 2516 205 2519; x_wconf 34' lang='grc'><strong>’</strong></span> <span class='ocrx_word' id='word_1_177' title='bbox 267 2536 413 2620; x_wconf 77' lang='lat' dir='ltr'><strong>quisbue</strong></span> <span class='ocrx_word' id='word_1_178' title='bbox 428 2539 532 2612; x_wconf 81' lang='lat' dir='ltr'><strong>roget,</strong></span> <span class='ocrx_word' id='word_1_179' title='bbox 549 2551 611 2612; x_wconf 88' lang='lat' dir='ltr'><strong>ego</strong></span> <span class='ocrx_word' id='word_1_180' title='bbox 626 2549 703 2592; x_wconf 83' lang='lat' dir='ltr'><strong>vero</strong></span> <span class='ocrx_word' id='word_1_181' title='bbox 717 2531 776 2594; x_wconf 86' lang='lat' dir='ltr'><strong>vix</strong></span> <span class='ocrx_word' id='word_1_182' title='bbox 792 2531 921 2610; x_wconf 83' lang='lat' dir='ltr'><strong>dubito,</strong></span> <span class='ocrx_word' id='word_1_183' title='bbox 936 2535 1016 2616; x_wconf 88' lang='lat' dir='ltr'><strong>quin</strong></span> <span class='ocrx_word' id='word_1_184' title='bbox 1031 2534 1197 2599; x_wconf 85' lang='lat' dir='ltr'><strong>‘Praxis’</strong></span> <span class='ocrx_word' id='word_1_185' title='bbox 1215 2537 1271 2601; x_wconf 91' lang='grc'><strong>1110</strong></span> <span class='ocrx_word' id='word_1_186' title='bbox 1286 2537 1366 2604; x_wconf 87' lang='lat' dir='ltr'><strong>Cre-</strong></span> 
     </span>
     <span class='ocr_line' id='line_1_23' title="bbox 268 2629 1364 2722; baseline 0.005 -22"><span class='ocrx_word' id='word_1_187' title='bbox 268 2635 386 2712; x_wconf 85' lang='lat' dir='ltr'><strong>tensis,</strong></span> <span class='ocrx_word' id='word_1_188' title='bbox 397 2633 452 2697; x_wconf 81' lang='grc'><strong>101</strong></span> <span class='ocrx_word' id='word_1_189' title='bbox 467 2637 477 2666; x_wconf 90' lang='lat'>‘</span> <span class='ocrx_word' id='word_1_190' title='bbox 490 2629 724 2712; x_wconf 84' lang='lat' dir='ltr'><strong>Eupraxidos,’</strong></span> <span class='ocrx_word' id='word_1_191' title='bbox 744 2631 801 2714; x_wconf 92' lang='lat' dir='ltr'><strong>qui</strong></span> <span class='ocrx_word' id='word_1_192' title='bbox 816 2630 980 2696; x_wconf 88' lang='lat' dir='ltr'><strong>‘Neroni’</strong></span> <span class='ocrx_word' id='word_1_193' title='bbox 996 2634 1096 2699; x_wconf 86' lang='lat' dir='ltr'><strong>hosce</strong></span> <span class='ocrx_word' id='word_1_194' title='bbox 1109 2636 1215 2702; x_wconf 90' lang='lat' dir='ltr'><strong>libros</strong></span> <span class='ocrx_word' id='word_1_195' title='bbox 1231 2641 1364 2722; x_wconf 87' lang='lat' dir='ltr'><strong>obtulit,</strong></span> 
     </span>
     <span class='ocr_line' id='line_1_24' title="bbox 268 2731 1364 2820; baseline 0.005 -17"><span class='ocrx_word' id='word_1_196' title='bbox 268 2751 330 2808; x_wconf 87' lang='lat' dir='ltr'><strong>eos</strong></span> <span class='ocrx_word' id='word_1_197' title='bbox 351 2736 455 2802; x_wconf 87' lang='lat' dir='ltr'><strong>etiam</strong></span> <span class='ocrx_word' id='word_1_198' title='bbox 474 2731 715 2814; x_wconf 82' lang='lat' dir='ltr'><strong>composuerit.</strong></span> <span class='ocrx_word' id='word_1_199' title='bbox 760 2731 821 2795; x_wconf 89' lang='lat' dir='ltr'><strong>lile</strong></span> <span class='ocrx_word' id='word_1_200' title='bbox 843 2733 944 2812; x_wconf 88' lang='lat' dir='ltr'><strong>onim,</strong></span> <span class='ocrx_word' id='word_1_201' title='bbox 960 2750 1037 2799; x_wconf 90' lang='lat' dir='ltr'><strong>cum</strong></span> <span class='ocrx_word' id='word_1_202' title='bbox 1059 2738 1161 2801; x_wconf 90' lang='lat' dir='ltr'><strong>sciret</strong></span> <span class='ocrx_word' id='word_1_203' title='bbox 1184 2739 1364 2820; x_wconf 87' lang='lat' dir='ltr'><strong>Neronem,</strong></span> 
     </span>
     <span class='ocr_line' id='line_1_25' title="bbox 267 2827 1366 2924; baseline 0.005 -19"><span class='ocrx_word' id='word_1_204' title='bbox 267 2837 455 2924; x_wconf 81' lang='lat' dir='ltr'><strong>principem</strong></span> <span class='ocrx_word' id='word_1_205' title='bbox 479 2834 708 2909; x_wconf 84' lang='lat' dir='ltr'><strong>vanissimum,</strong></span> <span class='ocrx_word' id='word_1_206' title='bbox 731 2832 865 2898; x_wconf 79' lang='lat' dir='ltr'><strong>Graecis</strong></span> <span class='ocrx_word' id='word_1_207' title='bbox 881 2837 1009 2900; x_wconf 89' lang='lat' dir='ltr'><strong>artibus</strong></span> <span class='ocrx_word' id='word_1_208' title='bbox 1029 2843 1064 2901; x_wconf 89' lang='lat' dir='ltr'><strong>et</strong></span> <span class='ocrx_word' id='word_1_209' title='bbox 1086 2837 1210 2905; x_wconf 87' lang='lat' dir='ltr'><strong>fabulis</strong></span> <span class='ocrx_word' id='word_1_210' title='bbox 1225 2827 1366 2910; x_wconf 84' lang='lat' dir='ltr'><strong>mirifice</strong></span> 
     </span>
     <span class='ocr_line' id='line_1_26' title="bbox 267 2935 1370 3024; baseline 0.005 -19"><span class='ocrx_word' id='word_1_211' title='bbox 267 2939 426 3014; x_wconf 84' lang='lat' dir='ltr'><strong>deditum,</strong></span> <span class='ocrx_word' id='word_1_212' title='bbox 454 2935 584 2999; x_wconf 87' lang='lat' dir='ltr'><strong>videtur</strong></span> <span class='ocrx_word' id='word_1_213' title='bbox 608 2935 782 3000; x_wconf 84' lang='lat' dir='ltr'><strong>historiam</strong></span> <span class='ocrx_word' id='word_1_214' title='bbox 806 2936 892 3002; x_wconf 87' lang='lat' dir='ltr'><strong>banc</strong></span> <span class='ocrx_word' id='word_1_215' title='bbox 908 2955 950 3001; x_wconf 90' lang='grc'><strong>00</strong></span> <span class='ocrx_word' id='word_1_216' title='bbox 966 2939 1078 3004; x_wconf 89' lang='lat' dir='ltr'><strong>animo</strong></span> <span class='ocrx_word' id='word_1_217' title='bbox 1093 2942 1215 3024; x_wconf 89' lang='lat' dir='ltr'><strong>partim</strong></span> <span class='ocrx_word' id='word_1_218' title='bbox 1237 2945 1281 3009; x_wconf 86' lang='lat' dir='ltr'><strong>de</strong></span> <span class='ocrx_word' id='word_1_219' title='bbox 1299 2959 1370 3012; x_wconf 78' lang='lat' dir='ltr'><strong>suo‘</strong></span> 
     </span>
    </p>
   </div>
   <div class='ocr_carea' id='block_1_6' title="bbox 263 3037 1366 4246">
    <p class='ocr_par' dir='ltr' id='par_1_8' title="bbox 263 3037 1366 4246">
     <span class='ocr_line' id='line_1_27' title="bbox 267 3037 1365 3128; baseline 0.008 -24"><span class='ocrx_word' id='word_1_220' title='bbox 267 3039 418 3110; x_wconf 85' lang='lat' dir='ltr'><strong>linxisse,</strong></span> <span class='ocrx_word' id='word_1_221' title='bbox 432 3037 524 3122; x_wconf 84' lang='lat' dir='ltr'><strong>(oum</strong></span> <span class='ocrx_word' id='word_1_222' title='bbox 547 3037 653 3101; x_wconf 89' lang='lat' dir='ltr'><strong>multa</strong></span> <span class='ocrx_word' id='word_1_223' title='bbox 673 3039 825 3120; x_wconf 85' lang='lat' dir='ltr'><strong>profecto</strong></span> <span class='ocrx_word' id='word_1_224' title='bbox 850 3039 952 3105; x_wconf 88' lang='lat' dir='ltr'><strong>habet</strong></span> <span class='ocrx_word' id='word_1_225' title='bbox 966 3061 1100 3124; x_wconf 79' lang='lat' dir='ltr'><strong>prorsus</strong></span> <span class='ocrx_word' id='word_1_226' title='bbox 1123 3044 1313 3128; x_wconf 85' lang='lat' dir='ltr'><strong>singularia,</strong></span> <span class='ocrx_word' id='word_1_227' title='bbox 1329 3051 1365 3114; x_wconf 93' lang='lat' dir='ltr'><strong>in</strong></span> 
     </span>
     <span class='ocr_line' id='line_1_28' title="bbox 266 3140 1365 3232; baseline 0.008 -26"><span class='ocrx_word' id='word_1_228' title='bbox 266 3143 390 3224; x_wconf 84' lang='lat' dir='ltr'><strong>quibus</strong></span> <span class='ocrx_word' id='word_1_229' title='bbox 405 3140 473 3224; x_wconf 86' lang='lat' dir='ltr'><strong>ipsi</strong></span> <span class='ocrx_word' id='word_1_230' title='bbox 491 3143 658 3222; x_wconf 73' lang='lat' dir='ltr'><strong>agosone</strong></span> <span class='ocrx_word' id='word_1_231' title='bbox 671 3141 758 3204; x_wconf 90' lang='lat' dir='ltr'><strong>baud</strong></span> <span class='ocrx_word' id='word_1_232' title='bbox 775 3143 917 3206; x_wconf 82' lang='lat' dir='ltr'><strong>multum</strong></span> <span class='ocrx_word' id='word_1_233' title='bbox 930 3143 1009 3208; x_wconf 85' lang='lat' dir='ltr'><strong>fidei</strong></span> <span class='ocrx_word' id='word_1_234' title='bbox 1024 3145 1225 3232; x_wconf 67' lang='lat' dir='ltr'><strong>tribuerim)</strong></span> <span class='ocrx_word' id='word_1_235' title='bbox 1239 3151 1365 3231; x_wconf 78' lang='lat' dir='ltr'><strong>partior</strong></span> 
     </span>
     <span class='ocr_line' id='line_1_29' title="bbox 266 3242 1365 3332; baseline 0.011 -26"><span class='ocrx_word' id='word_1_236' title='bbox 266 3263 310 3308; x_wconf 89' lang='lat' dir='ltr'><strong>ex</strong></span> <span class='ocrx_word' id='word_1_237' title='bbox 336 3242 448 3328; x_wconf 86' lang='lat' dir='ltr'><strong>po&#39;e&#39;tis</strong></span> <span class='ocrx_word' id='word_1_238' title='bbox 470 3249 574 3324; x_wconf 88' lang='lat' dir='ltr'><strong>atque</strong></span> <span class='ocrx_word' id='word_1_239' title='bbox 599 3243 676 3306; x_wconf 88' lang='lat' dir='ltr'><strong>aliis</strong></span> <span class='ocrx_word' id='word_1_240' title='bbox 704 3245 925 3328; x_wconf 84' lang='lat' dir='ltr'><strong>scriptoribus</strong></span> <span class='ocrx_word' id='word_1_241' title='bbox 949 3248 1094 3330; x_wconf 85' lang='lat' dir='ltr'><strong>antiquis</strong></span> <span class='ocrx_word' id='word_1_242' title='bbox 1120 3249 1311 3332; x_wconf 86' lang='lat' dir='ltr'><strong>collegisse,</strong></span> <span class='ocrx_word' id='word_1_243' title='bbox 1327 3259 1365 3318; x_wconf 85' lang='lat' dir='ltr'><strong>nt</strong></span> 
     </span>
     <span class='ocr_line' id='line_1_30' title="bbox 266 3342 1363 3430; baseline 0.007 -20"><span class='ocrx_word' id='word_1_244' title='bbox 266 3343 396 3422; x_wconf 76' lang='lat' dir='ltr'><strong>Neroni</strong></span> <span class='ocrx_word' id='word_1_245' title='bbox 407 3363 482 3408; x_wconf 91' lang='lat' dir='ltr'><strong>eam</strong></span> <span class='ocrx_word' id='word_1_246' title='bbox 494 3342 631 3421; x_wconf 87' lang='lat' dir='ltr'><strong>offerret,</strong></span> <span class='ocrx_word' id='word_1_247' title='bbox 643 3351 679 3408; x_wconf 88' lang='grc'><strong>01</strong></span> <span class='ocrx_word' id='word_1_248' title='bbox 689 3344 737 3408; x_wconf 83' lang='lat' dir='ltr'><strong>ita</strong></span> <span class='ocrx_word' id='word_1_249' title='bbox 753 3365 775 3409; x_wconf 91' lang='lat' dir='ltr'><strong>a</strong></span> <span class='ocrx_word' id='word_1_250' title='bbox 789 3346 932 3430; x_wconf 88' lang='lat' dir='ltr'><strong>prodigo</strong></span> <span class='ocrx_word' id='word_1_251' title='bbox 947 3355 982 3412; x_wconf 90' lang='grc'><strong>01</strong></span> <span class='ocrx_word' id='word_1_252' title='bbox 996 3349 1122 3414; x_wconf 85' lang='lat' dir='ltr'><strong>stolido</strong></span> <span class='ocrx_word' id='word_1_253' title='bbox 1136 3350 1272 3418; x_wconf 88' lang='lat' dir='ltr'><strong>homine</strong></span> <span class='ocrx_word' id='word_1_254' title='bbox 1290 3354 1363 3420; x_wconf 88' lang='lat' dir='ltr'><strong>lau·</strong></span> 
     </span>
     <span class='ocr_line' id='line_1_31' title="bbox 265 3447 1366 3530; baseline 0.008 -19"><span class='ocrx_word' id='word_1_255' title='bbox 265 3453 341 3512; x_wconf 85' lang='lat' dir='ltr'><strong>tum·</strong></span> <span class='ocrx_word' id='word_1_256' title='bbox 350 3453 609 3528; x_wconf 87' lang='lat' dir='ltr'><strong>consequeretur</strong></span> <span class='ocrx_word' id='word_1_257' title='bbox 630 3447 816 3530; x_wconf 86' lang='lat' dir='ltr'><strong>praemium.</strong></span> <span class='ocrx_word' id='word_1_258' title='bbox 863 3447 964 3528; x_wconf 83' lang='lat' dir='ltr'><strong>Quod</strong></span> <span class='ocrx_word' id='word_1_259' title='bbox 982 3457 1016 3514; x_wconf 88' lang='lat' dir='ltr'><strong>et</strong></span> <span class='ocrx_word' id='word_1_260' title='bbox 1038 3451 1086 3515; x_wconf 87' lang='lat' dir='ltr'><strong>ita</strong></span> <span class='ocrx_word' id='word_1_261' title='bbox 1113 3453 1239 3518; x_wconf 87' lang='lat' dir='ltr'><strong>evenit.</strong></span> <span class='ocrx_word' id='word_1_262' title='bbox 1270 3452 1366 3520; x_wconf 86' lang='lat' dir='ltr'><strong>Nam&#39;</strong></span> 
     </span>
     <span class='ocr_line' id='line_1_32' title="bbox 264 3544 1362 3638; baseline 0.01 -28"><span class='ocrx_word' id='word_1_263' title='bbox 264 3566 340 3610; x_wconf 86' lang='lat' dir='ltr'><strong>cum</strong></span> <span class='ocrx_word' id='word_1_264' title='bbox 350 3545 442 3611; x_wconf 89' lang='lat' dir='ltr'><strong>Nero</strong></span> <span class='ocrx_word' id='word_1_265' title='bbox 452 3549 484 3610; x_wconf 91' lang='lat' dir='ltr'><strong>io</strong></span> <span class='ocrx_word' id='word_1_266' title='bbox 494 3544 662 3612; x_wconf 87' lang='lat' dir='ltr'><strong>Achaiam</strong></span> <span class='ocrx_word' id='word_1_267' title='bbox 673 3551 833 3627; x_wconf 84' lang='lat' dir='ltr'><strong>venisset,</strong></span> <span class='ocrx_word' id='word_1_268' title='bbox 842 3553 1127 3634; x_wconf 86' lang='lat' dir='ltr'><strong>opportunissimo</strong></span> <span class='ocrx_word' id='word_1_269' title='bbox 1140 3561 1289 3638; x_wconf 85' lang='lat' dir='ltr'><strong>tempore</strong></span> <span class='ocrx_word' id='word_1_270' title='bbox 1297 3556 1362 3621; x_wconf 88' lang='lat' dir='ltr'><strong>hoo</strong></span> 
     </span>
     <span class='ocr_line' id='line_1_33' title="bbox 265 3647 1364 3733; baseline 0.012 -25"><span class='ocrx_word' id='word_1_271' title='bbox 265 3657 355 3730; x_wconf 85' lang='lat' dir='ltr'><strong>opus</strong></span> <span class='ocrx_word' id='word_1_272' title='bbox 370 3647 414 3713; x_wconf 88' lang='lat' dir='ltr'><strong>ad</strong></span> <span class='ocrx_word' id='word_1_273' title='bbox 430 3667 507 3710; x_wconf 88' lang='lat' dir='ltr'><strong>eum</strong></span> <span class='ocrx_word' id='word_1_274' title='bbox 522 3649 653 3726; x_wconf 88' lang='lat' dir='ltr'><strong>detulit,</strong></span> <span class='ocrx_word' id='word_1_275' title='bbox 666 3661 698 3714; x_wconf 90' lang='lat' dir='ltr'><strong>et</strong></span> <span class='ocrx_word' id='word_1_276' title='bbox 714 3651 867 3733; x_wconf 88' lang='lat' dir='ltr'><strong>plurimis</strong></span> <span class='ocrx_word' id='word_1_277' title='bbox 880 3654 923 3716; x_wconf 91' lang='lat' dir='ltr'><strong>ab</strong></span> <span class='ocrx_word' id='word_1_278' title='bbox 938 3654 997 3717; x_wconf 92' lang='lat' dir='ltr'><strong>illo</strong></span> <span class='ocrx_word' id='word_1_279' title='bbox 1009 3655 1364 3722; x_wconf 84' lang='lat' dir='ltr'><strong>muneribusvicissim·</strong></span> 
     </span>
     <span class='ocr_line' id='line_1_34' title="bbox 265 3745 1361 3840; baseline 0.011 -29"><span class='ocrx_word' id='word_1_280' title='bbox 265 3745 411 3815; x_wconf 82' lang='lat' dir='ltr'><strong>donatus</strong></span> <span class='ocrx_word' id='word_1_281' title='bbox 433 3746 565 3812; x_wconf 80' lang='lat' dir='ltr'><strong>dicitnr.</strong></span> <span class='ocrx_word' id='word_1_282' title='bbox 609 3750 737 3814; x_wconf 90' lang='lat' dir='ltr'><strong>Verum</strong></span> <span class='ocrx_word' id='word_1_283' title='bbox 757 3753 1091 3819; x_wconf 87' lang='lat' dir='ltr'><strong>utexistimationem</strong></span> <span class='ocrx_word' id='word_1_284' title='bbox 1112 3757 1205 3840; x_wconf 89' lang='lat' dir='ltr'><strong>operi</strong></span> <span class='ocrx_word' id='word_1_285' title='bbox 1226 3765 1259 3822; x_wconf 85' lang='grc'><strong>01</strong></span> <span class='ocrx_word' id='word_1_286' title='bbox 1283 3777 1361 3822; x_wconf 88' lang='lat' dir='ltr'><strong>auc·</strong></span> 
     </span>
     <span class='ocr_line' id='line_1_35' title="bbox 264 3848 1361 3938; baseline 0.01 -26"><span class='ocrx_word' id='word_1_287' title='bbox 264 3849 432 3914; x_wconf 84' lang='lat' dir='ltr'><strong>toritatem</strong></span> <span class='ocrx_word' id='word_1_288' title='bbox 448 3848 593 3928; x_wconf 89' lang='lat' dir='ltr'><strong>adderet,</strong></span> <span class='ocrx_word' id='word_1_289' title='bbox 607 3850 690 3916; x_wconf 89' lang='lat' dir='ltr'><strong>iecit</strong></span> <span class='ocrx_word' id='word_1_290' title='bbox 713 3853 804 3936; x_wconf 89' lang='lat' dir='ltr'><strong>quod</strong></span> <span class='ocrx_word' id='word_1_291' title='bbox 821 3855 1054 3920; x_wconf 84' lang='lat' dir='ltr'><strong>artifices&#39;tnnc</strong></span> <span class='ocrx_word' id='word_1_292' title='bbox 1068 3857 1180 3922; x_wconf 84' lang='lat' dir='ltr'><strong>facere</strong></span> <span class='ocrx_word' id='word_1_293' title='bbox 1197 3859 1361 3938; x_wconf 87' lang='lat' dir='ltr'><strong>solebant,</strong></span> 
     </span>
     <span class='ocr_line' id='line_1_36' title="bbox 263 3950 1361 4043; baseline 0.009 -30"><span class='ocrx_word' id='word_1_294' title='bbox 263 3950 322 4032; x_wconf 89' lang='lat' dir='ltr'><strong>qui</strong></span> <span class='ocrx_word' id='word_1_295' title='bbox 343 3955 380 4014; x_wconf 89' lang='lat' dir='ltr'><strong>ut</strong></span> <span class='ocrx_word' id='word_1_296' title='bbox 402 3950 546 4034; x_wconf 87' lang='lat' dir='ltr'><strong>pretium</strong></span> <span class='ocrx_word' id='word_1_297' title='bbox 568 3952 726 4034; x_wconf 85' lang='lat' dir='ltr'><strong>operibus</strong></span> <span class='ocrx_word' id='word_1_298' title='bbox 747 3955 846 4019; x_wconf 86' lang='lat' dir='ltr'><strong>novis</strong></span> <span class='ocrx_word' id='word_1_299' title='bbox 876 3963 910 4020; x_wconf 88' lang='lat' dir='ltr'><strong>et</strong></span> <span class='ocrx_word' id='word_1_300' title='bbox 937 3959 1007 4020; x_wconf 90' lang='lat' dir='ltr'><strong>suis</strong></span> <span class='ocrx_word' id='word_1_301' title='bbox 1030 3959 1139 4043; x_wconf 89' lang='lat' dir='ltr'><strong>majus</strong></span> <span class='ocrx_word' id='word_1_302' title='bbox 1161 3960 1361 4038; x_wconf 90' lang='lat' dir='ltr'><strong>invenirent,</strong></span> 
     </span>
     <span class='ocr_line' id='line_1_37' title="bbox 264 4045 1361 4138; baseline 0.011 -26"><span class='ocrx_word' id='word_1_303' title='bbox 264 4049 450 4115; x_wconf 78' lang='lat' dir='ltr'><strong>Praxitelis</strong></span> <span class='ocrx_word' id='word_1_304' title='bbox 466 4045 526 4114; x_wconf 85' lang='lat' dir='ltr'><strong>aut</strong></span> <span class='ocrx_word' id='word_1_305' title='bbox 542 4051 694 4136; x_wconf 89' lang='lat' dir='ltr'><strong>Myronis</strong></span> <span class='ocrx_word' id='word_1_306' title='bbox 708 4073 828 4120; x_wconf 88' lang='lat' dir='ltr'><strong>nomen</strong></span> <span class='ocrx_word' id='word_1_307' title='bbox 844 4058 889 4120; x_wconf 89' lang='lat' dir='ltr'><strong>iis</strong></span> <span class='ocrx_word' id='word_1_308' title='bbox 902 4059 1141 4138; x_wconf 84' lang='lat' dir='ltr'><strong>inscribebant,</strong></span> <span class='ocrx_word' id='word_1_309' title='bbox 1153 4068 1239 4126; x_wconf 82' lang='lat' dir='ltr'><strong>teste</strong></span> <span class='ocrx_word' id='word_1_310' title='bbox 1262 4060 1361 4124; x_wconf 85' lang='lat' dir='ltr'><strong>Phae-</strong></span> 
     </span>
     <span class='ocr_line' id='line_1_38' title="bbox 263 4148 1360 4246; baseline 0.008 -30"><span class='ocrx_word' id='word_1_311' title='bbox 263 4148 339 4223; x_wconf 82' lang='lat' dir='ltr'><strong>dro,</strong></span> <span class='ocrx_word' id='word_1_312' title='bbox 370 4150 496 4217; x_wconf 87' lang='lat' dir='ltr'><strong>Eadem</strong></span> <span class='ocrx_word' id='word_1_313' title='bbox 513 4157 733 4237; x_wconf 58' lang='lat' dir='ltr'><strong>ergo‘ratione</strong></span> <span class='ocrx_word' id='word_1_314' title='bbox 745 4165 780 4222; x_wconf 90' lang='lat' dir='ltr'><strong>et</strong></span> <span class='ocrx_word' id='word_1_315' title='bbox 801 4159 856 4222; x_wconf 93' lang='lat' dir='ltr'><strong>ille</strong></span> <span class='ocrx_word' id='word_1_316' title='bbox 874 4160 1024 4246; x_wconf 50' lang='lat' dir='ltr'><strong>¹llictyps</strong></span> <span class='ocrx_word' id='word_1_317' title='bbox 1048 4161 1222 4228; x_wconf 63' lang='lat' dir='ltr'><strong>&amp;retensis</strong></span> <span class='ocrx_word' id='word_1_318' title='bbox 1238 4181 1360 4226; x_wconf 90' lang='lat' dir='ltr'><strong>nomen</strong></span> 
     </span>
    </p>
   </div>
   <div class='ocr_carea' id='block_1_7' title="bbox 0 0 1572 4948">
    <p class='ocr_par' dir='ltr' id='par_1_9' title="bbox 0 0 1572 4948">
     <span class='ocr_line' id='line_1_39' title="bbox 0 0 1572 4948; baseline 0 2"><span class='ocrx_word' id='word_1_319' title='bbox 0 0 1572 4948; x_wconf 95' lang='lat' dir='ltr'><strong> </strong></span> 
     </span>
    </p>
   </div>
  </div>
 </body>
</html>
