3112 4950
289 351 355 418 aot
567 378 571 384 ·
669 361 831 411 nnnurrs
856 361 1013 410 arrarcn

273 465 415 576 ⁴milites
443 509 615 589 eligerent:
637 505 679 570 ad
702 505 1109 588 concionemspopulum.
1132 505 1247 568 venire
1281 503 1387 586 jubet.

293 610 354 696 [a]
378 607 643 675 Commonefacit
658 605 758 684 lilios,
775 615 814 670 ut
828 608 971 690 majores
986 611 1068 670 natu
1083 607 1268 670 minoribus
1283 605 1388 690 impe·

293 719 410 778 rarent.
462 711 686 775 Monstravit¹¹
709 728 795 790 quas
817 707 1089 790 injurias-Graeci
1111 705 1272 790 Trojanis·
1290 707 1391 770 fecis·

294 822 386 879 sent:
409 815 453 878 ob
466 813 532 876 hoc
547 796 752 875 Antenorem
773 810 920 893 legatum
939 809 974 872 in
992 809 1176 884 Graeciam,
1194 809 1346 883 misisse,
1356 814 1391 871 ut
1500 885 1501 889 Ἰ

295 918 359 980 sibi
376 915 562 979 Hesionam
577 932 722 977 sororem
737 911 922 986 redderent,
933 919 966 974 et
977 910 1211 974 satisfacerent
1223 910 1391 994 Trojanis.

295 1018 497 1082 Antenorem
512 1015 750 1102 contumelioso
772 1014 815 1076 ab
838 1013 888 1076 eis
910 1017 1109 1076 tractatum:
1133 1013 1393 1094 necquicquam

211 1171 214 1180 .
295 1123 338 1184 ab
353 1119 407 1182 his
422 1120 598 1200 impetrare
619 1117 781 1199 potuisse.
827 1115 880 1178 Ob
903 1114 968 1178 hoc
991 1115 1125 1196 placere
1149 1115 1225 1190 sibi,
1241 1112 1392 1179 Alexan-

294 1222 388 1286 drum
401 1220 488 1283 mitti
503 1239 577 1282 cum
593 1219 704 1281 classa
718 1219 753 1280 in
769 1217 950 1294 Graeciam,
966 1217 1025 1298 qui
1048 1216 1103 1278 avi
1128 1216 1182 1280 sui
1201 1214 1392 1280 mortemet

295 1323 515 1406 Trojanorum
538 1319 675 1402 injurias
697 1319 925 1383 ulcisceretur.
969 1316 1175 1380 Antenorem
1191 1317 1301 1381 dicere
1319 1318 1394 1401 jus·

260 1423 264 1433 '
297 1425 353 1499 sit,
368 1421 535 1504 quomodo
549 1422 584 1482 in
599 1419 736 1484 Graecia
750 1424 915 1484 tractatus
930 1418 984 1483 sit.
1013 1415 1159 1481 Antenor
1172 1418 1327 1483 hortatus
1342 1426 1401 1496 est,

299 1523 475 1605 Trojanos,
485 1541 524 1586 ne
535 1523 776 1602 horrescerent,
786 1521 830 1586 ad
842 1520 1050 1585 bellandum⁰
1066 1520 1101 1582 in
1109 1519 1298 1584 Graeciamr
1314 1540 1395 1600 suos

300 1625 484 1688 alacriores
497 1614 607 1686 secit'
632 1623 756 1687 Paucis
771 1623 1021 1699 demonstravit,
1033 1623 1154 1705 quaein
1169 1621 1306 1686 Graecia
1321 1642 1395 1704 ges-

298 1732 396 1790 serat.
441 1725 596 1789 Priamus
612 1724 709 1801 dixit,
725 1727 754 1788 si
774 1726 828 1806 cui
850 1724 1044 1807 displiceret
1059 1723 1183 1786 bellum
1199 1724 1280 1804 geri,
1298 1743 1395 1788 suam

301 1827 504 1890 voluntatem
519 1825 674 1891 ediceret.
718 1826 815 1890 Tunc
830 1825 980 1890 Panthus
995 1825 1129 1889 Priamo
1143 1830 1183 1896 etv
1197 1827 1395 1908 propinquis

301 1927 417 2009 prodit
432 1946 473 1990 ea
486 1947 563 2008 qum
580 1947 600 1990 a
623 1933 716 2010 patre
737 1927 938 2009 Euphorboq
961 1926 1131 1991 audierat:
1155 1927 1186 1988 si
1200 1925 1396 1991 Alexander

300 2047 439 2092 uxorem
455 2028 496 2091 de
506 2028 643 2092 Graecia
657 2028 870 2104 adduxisset,
883 2027 1038 2110 Trojanis
1053 2036 1239 2091 extremum
1253 2029 1396 2092 exitium

300 2129 458 2192 futurum.
503 2129 569 2193 Sed
586 2130 757 2213 pulchrius
772 2149 848 2192 esse
859 2131 894 2194 in
908 2130 980 2192 otio
997 2130 1101 2192 vitam
1112 2128 1242 2210 degere,
1252 2147 1353 2212 quam
1363 2131 1397 2192 in

301 2231 445 2294 tumultu
461 2230 651 2296 libertatem
668 2232 833 2310 amittere,
855 2237 889 2294 et
910 2231 1094 2314 periculum
1108 2230 1200 2293 inire.
1243 2230 1397 2316 Populus

302 2331 537 2396 auctoritatem
544 2331 666 2396 Panthi
676 2335 870 2396 contemsit:
885 2351 994 2413 regem
1007 2331 1307 2415 dicerejusserunt,
1316 2331 1398 2414 quid

300 2429 373 2494 fieri
402 2431 511 2495 vellet.
558 2432 715 2497 Priamus
739 2432 827 2495 dixit
852 2451 956 2496 naves
981 2432 1218 2516 praeparandas
1241 2452 1328 2510 esse,
1358 2441 1398 2496 ut

304 2537 400 2596 eatur
423 2533 458 2596 in
487 2531 673 2598 Graeciam:
696 2533 852 2598 utensilia
877 2552 1009 2616 quoque
1035 2535 1162 2616 populo
1185 2553 1251 2598 non
1266 2535 1397 2599 deesse.

304 2633 460 2716 Populus
475 2633 701 2698 conclamavit
724 2652 839 2716 perse
860 2652 987 2697 moram
1006 2653 1072 2698 non
1095 2654 1183 2712 esse,
1199 2655 1267 2717 quo
1286 2637 1397 2699 minus

303 2736 391 2814 regis
419 2734 597 2816 praeceptis
625 2740 793 2818 pareatur.
839 2733 995 2796 Priamus
1019 2735 1087 2797 illis
1110 2737 1399 2818 magnasgratias

305 2836 381 2915 egit,
397 2836 659 2916 concionemque
675 2834 814 2898 dimisit.
861 2831 910 2896 Ac
926 2853 1007 2898 mox
1021 2835 1055 2897 in
1070 2835 1168 2900 Idam
1184 2836 1316 2918 sylvam
1337 2838 1400 2900 mi·

306 2935 362 3011 sit,
373 2934 451 3016 qui¹
466 2935 656 2998 materiemr
672 2934 891 3011 succiderent,
907 2953 1008 2998 naves
1024 2935 1241 3001 aedificarent.
1272 2938 1400 3002 Hecto-

761 3113 930 3134 cumcun
933 3113 948 3134 0

338 3197 352 3224 ⁸
370 3195 401 3243 In
413 3195 511 3258 Delph.
523 3194 565 3243 hic
577 3195 695 3245 locossic
708 3196 916 3260 interpungitur:
934 3198 958 3246 l.
970 3212 991 3247 e.
1004 3195 1116 3258 frume
1126 3212 1155 3246 sc
1165 3178 1324 3249 horreusreat
1334 3199 1366 3248 cd
1377 3197 1400 3250 b.

306 3260 333 3308 tn
344 3259 472 3322 Graeciam,
481 3276 502 3309 s.
513 3259 612 3319 c.s.-l
631 3261 712 3309 Deest
722 3261 762 3323 qui
773 3262 800 3310 in
811 3261 908 3325 Delph.

799 3419 909 3470 NOTAE

340 3513 586 3577 enumerantem]
603 3514 699 3564 lisdem
711 3513 835 3565 seraver-
907 3518 1000 3574 cQuae
1017 3533 1033 3567 a
1053 3523 1121 3581 putre
1142 3519 1276 3584 Euphorbo]
1306 3521 1403 3571 Panthi

307 3589 347 3639 bis
358 3590 400 3638 hic
412 3590 509 3652 repetit
524 3590 627 3651 ineptus
642 3591 763 3654 scriptor,
777 3607 834 3656 quae
876 3600 976 3658 patrem
991 3593 1032 3643 hic
1045 3595 1211 3657 Euphorbum
1227 3595 1291 3645 dicit
1307 3598 1404 3661 Dares,

305 3666 359 3728 jem
371 3664 438 3714 dixit
450 3665 544 3736 pagina
554 3664 690 3727 superiori.
876 3669 1404 3734 quemServiusOthryadem.Virg.‘Psn-

338 3740 371 3773 ⁰¹
380 3740 420 3789 Ne
429 3741 586 3789 hommum
597 3740 628 3806 cd
639 3739 781 3804 bellendem]
793 3741 835 3790 In·
875 3744 934 3793 thus
946 3745 1106 3815 Othryades,
1117 3746 1184 3794 ercis
1200 3746 1345 3812 Phrehique
1364 3757 1404 3796 ss·

126 3810 131 3818 “
203 3825 206 3831 ·
308 3813 835 3878 vitusaneineptissimumhcncscripto·
875 3819 983 3869 cardos?
1016 3819 1112 3872 Panthi
1125 3820 1257 3870 historiam
1272 3823 1405 3884 posuimus

308 3905 363 3940 rem
379 3904 513 3953 percurro,
524 3890 561 3938 ite
577 3888 686 3938 barbare
701 3898 729 3940 et
742 3893 835 3940 misere
873 3893 941 3956 apud
953 3893 1058 3957 Dictys.

309 3966 401 4016 scribit
409 3966 519 4016 scilicet.
551 3964 603 4015 Sed
615 3965 833 4017 culcandstameu
905 3975 914 3999 ¹
930 3969 1070 4032 Materiam]
1093 3969 1243 4018 ‘Materia’
1260 3976 1289 4019 et
1305 3971 1405 4020 ‘mets-

309 4041 359 4088 νὴ.
873 4043 1183 4106 πίεε,’ρταρτὶο,1ἱςηιιωε
1201 4039 1405 4098 undeinGlosr.

341 4122 353 4154 Ρ
371 4117 402 4164 ln
413 4117 541 4181 Groecicm]
558 4117 648 4176 Idest,
660 4119 835 4178 contracta,
874 4116 1148 4194 exponunturffthua,
1159 4117 1214 4178 ihr.
1281 4109 1285 4116 ’

310 4203 385 4241 cram.
961 4217 964 4226 v
