3112 4950
473 387 520 434 nr
546 383 674 436 axorn.
696 385 823 434 rreum
847 385 997 435 rrrsroa.
1209 369 1275 435 ³29

190 527 341 594 Achilles
361 523 403 592 de
428 528 546 611 praelio
562 529 698 594 saucius
713 528 820 593 redit:
842 533 1007 611 pugnatur
1022 529 1188 594 continuis
1203 529 1274 594 die·

188 631 251 692 bus
265 647 339 695 sex.
369 629 435 693 Die
451 631 606 714 septimo,
619 630 697 694 dum
712 638 852 712 uterque
868 631 1039 694 exercitus
1053 632 1171 712 praelio
1182 650 1274 696 ccm-

187 731 293 793 misso
314 729 491 810 fugaretur,
507 729 669 807 Achilles,
688 731 745 813 qui
765 730 934 813 aliquibus
949 729 1068 794 diebus
1081 737 1223 796 vexatus
1238 733 1273 796 in
1377 752 1380 761 ·

186 848 329 912 pugnam
357 849 422 894 non
452 831 631 912 prodierat,
657 829 889 914 Myrmidonas
911 831 1057 896 iustruit.
1102 831 1272 910 Hortatur,

186 931 365 1014 alloquitur
393 931 431 994 rit
459 932 586 995 fortiter
615 931 868 1014 impressionem
893 931 928 996 in
956 931 1109 996 Troilum
1135 932 1273 1000 saciant.

185 1030 371 1114 Postquam
385 1031 491 1114 major
504 1051 583 1114 pars
599 1031 666 1095 diei
681 1032 823 1109 transiit,
834 1033 965 1114 prodit⁹
979 1031 1113 1097 Troilus
1127 1051 1172 1096 ex
1186 1051 1272 1116 equo

184 1131 314 1197 laetus.m
357 1130 474 1214 Argivi
489 1132 636 1196 clamore
652 1152 769 1214 magno
782 1132 893 1213 sugam
904 1134 1044 1197 faciunt.
1087 1131 1273 1216 Myrmido-

184 1251 246 1297 nes
261 1251 494 1315 supervenere,
504 1233 760 1316 impressionem
774 1235 808 1298 in
817 1235 965 1298 Troilum
981 1235 1119 1310 faciunt,
1133 1234 1174 1297 de
1189 1253 1272 1316 quo·

184 1353 256 1398 rum
270 1352 408 1398 numero
423 1333 553 1398 multia
566 1333 682 1398 Troilo
696 1334 900 1398 occiduntur.
945 1335 1034 1398 Dum
1052 1335 1171 1398 acriter
1184 1353 1271 1417 prae·

183 1434 295 1512 liatur,
321 1453 427 1518 equus
446 1433 556 1516 Troili
580 1434 716 1498 saucius
742 1435 876 1512 corruit,
900 1433 1052 1498 Troilum
1074 1435 1271 1518 implicitum

95 1616 100 1628 Ι
183 1535 320 1600 excutit.
364 1535 451 1599 Eum
466 1534 619 1600 Achilles
634 1535 703 1600 cito
727 1535 906 1600 adveniens
922 1535 1059 1614 occidit,
1075 1543 1110 1601 et
1125 1555 1171 1599 ex
1185 1556 1272 1619 pras·

181 1635 228 1700 lio
242 1638 367 1702 trahere
382 1637 499 1720 coepit.
543 1637 588 1701 Et
603 1637 840 1715 subtraxisset,
864 1638 929 1701 nisi
955 1637 1116 1702 Memnon
1131 1638 1270 1720 eripuis-

182 1745 244 1816 set,
268 1744 301 1804 et
325 1737 490 1802 Achillem
512 1735 650 1803 'vulnere
673 1739 871 1803 sauciasset.
915 1737 1062 1802 Achilles
1084 1736 1126 1801 de
1154 1739 1270 1822 praelio

183 1841 318 1904 saucius
332 1839 428 1902 redit.
473 1837 631 1901 Memnon
644 1838 827 1920 insequitur
848 1844 881 1902 et
903 1857 979 1902 cum
1002 1839 1115 1902 multis
1131 1839 1270 1921 impres·

183 1941 310 2002 sionem
332 1938 422 2002 fecit.
465 1937 516 2003 Ut
538 1939 688 2020 respexit
711 1958 787 2002 eum
809 1935 970 2015 Achilles,
993 1938 1130 2003 restitit:
1154 1943 1268 2004 curato

180 2041 294 2122 itaque
322 2039 467 2118 vulnere,
508 2045 544 2102 et
572 2038 814 2122 aliquantulum
844 2038 1027 2122 praeliatus,
1055 2037 1268 2104 Memnonem

150 2217 156 2228 .
181 2141 296 2204 multis
311 2141 420 2222 plagis
433 2140 584 2216 occidit,¹²
608 2146 643 2202 et
655 2140 730 2222 ipse
744 2141 940 2205 vulneratus
964 2141 1008 2204 ab
1031 2159 1072 2204 eo
1087 2158 1131 2202 ex
1145 2140 1268 2222 praelio

180 2243 330 2306 recessit.
374 2241 562 2325 Postquam
577 2239 754 2306 Persarum
768 2242 835 2305 dux
852 2242 986 2306 occisus
1008 2246 1072 2318 est,
1094 2247 1130 2304 et
1151 2239 1269 2324 Troja-

180 2361 294 2406 norum
310 2343 476 2407 exercitus
490 2342 585 2406 susus
597 2347 659 2417 est,
681 2341 802 2424 reliqui
817 2342 851 2404 iu
867 2342 1027 2424 oppidum
1042 2340 1267 2422 confugerunt,

180 2451 365 2528 portasque
381 2445 590 2508 clauserunt:
613 2443 765 2526 praelium
788 2461 856 2507 nox
876 2443 1010 2506 dirimit.
1053 2440 1200 2506 Postera
1213 2441 1268 2506 die

180 2564 202 2607 a
215 2543 350 2608 Priamo
364 2544 464 2626 legati
477 2544 520 2607 ad
532 2542 814 2626 Agamemnonem
831 2543 924 2606 missi
940 2549 1028 2619 sunt,
1052 2548 1091 2604 ut
1113 2541 1267 2607 inducias

178 2649 351 2733 peterent:
373 2642 600 2727 Agamemnon
625 2664 669 2708 ex
693 2643 824 2707 consilii
850 2642 1015 2706 sententia
1029 2643 1061 2705 in
1077 2641 1149 2706 dies
1164 2657 1267 2709 xxx.

178 2745 332 2811 inducias
347 2746 436 2810 lacit.
484 2745 637 2809 Priamus
652 2743 802 2809 Troilum
817 2751 851 2808 et
866 2743 1076 2806 Memnonem
1090 2741 1266 2824 magnifico

177 2845 310 2911 sunere⁰
332 2846 438 2912 effert:
462 2853 654 2930 ceterosque
678 2843 804 2911 milites
826 2846 956 2927 utrique
979 2844 1187 2927 sepeliendos
1207 2863 1266 2908 cu-

139 2979 143 2984 ·
176 2953 257 3010 rant.
300 2949 382 3030 [at]
405 2947 560 3025 Hecuba,
575 2953 697 3012 moesta
713 2947 804 3031 quod
826 2947 893 3012 duo
918 2945 978 3010 tilii
1001 2945 1073 3030 ejus
1092 2946 1266 3011 fortissimi

179 3046 306 3110 Hector
320 3053 354 3110 et
366 3047 498 3111 Troilus
522 3049 565 3111 ab
589 3045 724 3112 Achille
750 3049 910 3112 interfecti
939 3051 1060 3125 essent,
1087 3047 1264 3111 consilium

177 3147 337 3211 muliebre
352 3147 559 3210 temerarium
573 3147 648 3210 iniit
667 3147 710 3210 ad
734 3147 882 3210 dolorem
907 3166 1002 3234 suum
1024 3145 1263 3209 ulciscendum.

177 3247 403 3313 Alexandrum
418 3245 519 3312 filium
535 3245 684 3322 accersit,
706 3251 789 3325 orat,
812 3245 983 3324 hortatur,¹
1009 3252 1048 3308 ut
1071 3263 1107 3308 se
1130 3249 1163 3308 et
1184 3261 1263 3310 suos
1331 3245 1333 3249 ’

630 3436 807 3463 ‘W‘

207 3587 330 3640 9Prodilt
341 3587 480 3651 verpa-1
499 3586 638 3639 omittitur
649 3603 698 3638 ror
708 3587 817 3637 halatur
828 3584 921 3650 Delplr.

667 3785 773 3848 NOTAE

176 3900 251 3952 Prior
261 3895 286 3946 in
297 3908 355 3944 eum
368 3895 421 3944 tela
433 3896 548 3960 conjicit.
736 3899 821 3950 Aliter
829 3899 905 3962 paulo
916 3898 1016 3961 Dictys,
1025 3908 1099 3960 quem
1112 3893 1222 3955 videre.
1233 3898 1259 3942 o.

206 3983 225 4008 ὓ
242 3973 329 4023 Prodit
346 3962 439 4020 modis
454 3986 485 4020 aa
500 3988 557 4036 equo
570 3972 650 4035 teas]
674 3974 697 4024 E
767 3982 780 4007 ⁰
801 3976 836 4024 Et
855 3974 1004 4023 Mamaeum
1024 3969 1146 4034 magnilica
1160 3969 1260 4032 faama]

175 4064 252 4101 curru
271 4060 399 4110 pugnasse
415 4047 537 4109 Troilum,
553 4048 630 4098 docet
640 4049 697 4100 Vir·
736 4044 1260 4114 Dictysscribit,TrojauorcrematiMem·

174 4124 219 4188 gil.
237 4121 300 4182 Ejus
310 4121 392 4168 locum
404 4119 504 4170 vidend
516 4121 661 4184 Dictyurv.
672 4127 696 4172 9.
735 4125 809 4174 nonis
826 4124 946 4187 reliquias
962 4135 1024 4170 urna
1039 4120 1155 4170 conditas
1172 4119 1197 4170 iu
1215 4131 1259 4183 pu·

207 4206 219 4232 π
235 4196 382 4246 Memnonem
403 4197 482 4248 multia
501 4198 580 4262 plagia
600 4197 696 4263 occidit]
736 4200 901 4251 triumroluur
914 4197 1058 4250 remisisse-⁴
