3112 4950
282 345 349 414 326
653 359 814 408 oaanrrs
838 361 996 408 rurrorr

283 502 424 568 eundem
439 499 718 585 Agamemnonem
732 500 871 566 minima
884 523 957 566 cum
974 503 1142 568 discordia
1156 503 1230 568 fieri
1256 525 1369 587 posse.

285 607 371 672 Item
385 608 631 681 commemorat,
648 603 740 686 quod
754 603 831 667 dnm
852 604 883 667 is
906 623 1055 666 summus
1077 605 1257 686 imperator
1271 615 1370 684 osset,

285 726 341 771 res
353 725 514 790 prospere
529 712 633 786 gestae
643 705 720 781 siut,
731 710 765 769 et
776 705 858 768 satis
873 704 1003 768 felicem
1013 705 1193 767 exercitum
1205 705 1328 770 fuisse:
1342 709 1372 770 si

286 808 343 872 cni
359 805 440 890 quid
454 805 545 869 aliud
561 805 723 881 videatur,
738 804 846 868 dicere
863 804 994 868 suadet.
1027 803 1153 868 Omnes
1167 805 1372 885 assentiunt3

284 907 566 988 Agamemnonem
580 923 743 968 summum
757 905 994 986 imperatorem
1009 905 1206 987 praeficiunt.
1229 906 1374 970 Postera

285 1006 340 1070 die
350 1004 488 1088 Trojaui
503 1025 548 1070 ex
562 1007 688 1089 oppido
700 1006 774 1070 laeti
786 1007 939 1069 inaciem
946 1007 1119 1090 prodeunt.
1144 1007 1374 1090 Agamemnon

285 1111 400 1172 contra
414 1108 596 1171 exercitum
609 1107 740 1172 educit:
763 1107 880 1190 praelio
901 1109 1081 1172 commisso
1097 1113 1233 1191 uterque
1248 1111 1375 1173 exerci-

285 1214 340 1272 tus
354 1209 441 1273 iuter
455 1226 492 1272 se
504 1207 668 1289 fugantur.
712 1208 898 1292 Postquam
913 1211 1020 1294 major
1043 1228 1121 1292 pars
1137 1209 1204 1273 diei
1232 1214 1375 1290 transiit,

285 1308 437 1392 procedit
451 1309 485 1372 in
498 1309 613 1392 primis
626 1309 776 1387 Troilus,
792 1311 905 1388 caedit,
920 1310 1084 1388 devastat,
1094 1308 1241 1394 Argivos
1252 1313 1285 1376 in
1301 1333 1374 1377 cas·

189 1463 193 1476 .
285 1414 338 1472 tra
348 1410 451 1490 sugat
496 1409 635 1474 Postera
649 1411 704 1474 die
717 1411 855 1496 Trojani
876 1412 1238 1477 exercitumeduonnt:
1262 1421 1376 1479 contra

287 1507 526 1592 Agamemnon.
570 1510 628 1574 Fit
651 1531 770 1594 magna
793 1513 917 1590 caedes,
942 1521 1079 1595 uterque
1100 1513 1272 1578 exercitus
1291 1513 1377 1578 inter

287 1629 324 1674 se
348 1619 506 1694 pugnant,
529 1613 682 1695 praelium
708 1633 783 1676 acre
801 1614 849 1678 fit.
895 1615 1025 1678 Multos
1052 1614 1155 1678 duces
1177 1611 1375 1697 Argivorum

286 1710 419 1776 Troilus
447 1713 619 1778 interfecit.
685 1715 858 1797 Pugnatur
887 1717 1056 1780 continuis
1086 1717 1205 1780 diebus
1234 1725 1375 1798 septem.

288 1811 518 1894 Agamemnon
533 1815 684 1880 inducias
708 1818 793 1900 petit
818 1819 853 1882 in
868 1818 952 1882 duos
974 1837 1116 1882 meuses.
1161 1817 1378 1882 Palamedem

288 1912 466 1994 magnifico
480 1915 592 1978 funere
605 1915 709 1994 effert,
727 1923 917 2000 ceterosque
933 1918 1036 1984 duces
1051 1937 1093 1982 ac
1107 1917 1231 1982 milites
1245 1920 1378 2001 utrique

290 2014 507 2098 sepeliendos
522 2023 649 2082 curant.
692 2017 774 2098 [aa]
789 2015 1027 2099 Agamemnon,
1037 2019 1117 2083 dum
1132 2017 1277 2083 induciae
1292 2015 1378 2098 suut,

289 2115 393 2180 mittit
405 2116 449 2180 ad
463 2114 644 2195 Achillem,
660 2117 853 2197 Nestorem,
869 2119 1039 2203 Ulyssem,
1055 2118 1265 2196 Diomedem,
1277 2125 1314 2184 ut
1326 2141 1380 2185 ro·

290 2223 403 2298 gerent
415 2218 509 2308 illum
524 2219 559 2282 in
573 2219 697 2282 bellom
711 2220 854 2302 prodire.
898 2220 1052 2302 Abnegat
1068 2220 1215 2285 Achilles
1224 2229 1379 2300 moestus,

291 2321 382 2402 quod
400 2321 473 2404 jam
488 2324 714 2388 destinaverat
726 2325 761 2388 in
776 2325 901 2389 bellum
923 2344 991 2388 non
1006 2325 1149 2408 prodire,
1171 2324 1215 2388 ob
1230 2323 1265 2386 id
1287 2327 1381 2406 quod

290 2423 488 2504 promiserat
502 2425 666 2503 Hecubae,
682 2427 838 2490 seminus
853 2425 1238 2509 pugnatorum,eoquod
1254 2424 1380 2508 Polyx-

293 2542 390 2588 enam
404 2525 501 2590 valde
516 2529 657 2592 amabat.
701 2527 815 2611 Coepit
836 2529 922 2592 male
946 2547 1005 2592 eos
1025 2529 1179 2610 accipere
1195 2527 1254 2610 qui
1280 2527 1323 2590 ad
1346 2547 1382 2591 se

292 2634 462 2704 venerant,
474 2628 587 2693 diceus
601 2636 796 2711 perpetuam
810 2645 930 2712 paoem
942 2629 1014 2694 fieri
1029 2634 1201 2712 oportere:
1217 2634 1312 2692 tenta
1325 2648 1381 2710 pe·

292 2725 398 2791 ricula
409 2729 505 2792 unius
521 2731 665 2795 mulieris
677 2751 781 2795 cause
794 2731 877 2806 fieri,
885 2732 1070 2796 libertatem
1082 2729 1275 2813 periclitari,
1288 2736 1382 2792 tauto

293 2831 443 2909 tempore
455 2830 636 2895 diffidere:e
650 2851 768 2914 pacem
782 2834 987 2915 expostulat,
997 2851 1144 2915 pugnam
1153 2831 1272 2894 renuit.
1293 2826 1382 2912 Aga·

295 2931 464 2993 memnoni
488 2933 703 3011 renuntiatur,
721 2933 800 3017 quid
826 2953 903 2998 cum
920 2932 1053 2998 Achille
1076 2936 1189 2996 actum
1213 2932 1267 3008 sit,
1289 2931 1382 2994 illum

295 3029 507 3109 pertinaciter
519 3052 652 3114 negare.
697 3034 928 3117 Agamemnon
942 3053 1056 3098 omues
1079 3033 1181 3097 duces
1195 3033 1231 3096 in
1247 3033 1382 3096 consili·

293 3147 351 3191 um
365 3137 474 3209 vocat,
491 3135 672 3197 exercitum
688 3136 841 3212 consulit,
854 3135 935 3218 quid
949 3135 1020 3199 lieri
1035 3135 1165 3213 debeat,
1180 3135 1321 3217 imperat
1333 3133 1383 3196 di·

296 3249 371 3294 cere
381 3232 462 3314 quid
478 3233 601 3317 cuique
615 3235 777 3300 videatur.
810 3236 984 3300 Menelaus
999 3236 1119 3300 hortari
1131 3235 1237 3319 coepit
1248 3233 1383 3298 fratrem

296 3349 405 3408 suum,
426 3338 465 3396 ut
490 3336 602 3416 potius
624 3337 788 3402 exercitus
802 3338 838 3400 iu
854 3356 999 3420 pugnam
1015 3335 1166 3421 prodeat,
1182 3355 1246 3400 nec
1261 3336 1381 3399 debere

295 3434 420 3509 terreri,
436 3435 466 3498 si
483 3434 633 3500 Achilles
649 3455 687 3501 se
703 3439 932 3503 excusaverit:
956 3458 992 3502 se
1013 3445 1125 3502 tamen
1148 3457 1384 3520 persuasurum

297 3531 330 3594 ei
343 3538 381 3597 ut
396 3535 534 3616 prodeat
547 3537 582 3599 in
596 3537 733 3617 bellum,
754 3559 818 3604 nec
832 3539 940 3604 vereri
964 3541 994 3603 si
1015 3534 1184 3602 uoluerit.‘³
1214 3621 1215 3626 ἵ
1231 3537 1386 3602 Comme-

295 3640 415 3712 morat,
431 3635 596 3718 TroJanos
609 3656 676 3702 non
690 3639 814 3704 habere
826 3640 930 3704 alium
945 3640 1051 3705 virum
1067 3645 1135 3704 tam
1148 3639 1267 3704 sortem
1283 3657 1385 3722 quam

790 3835 896 3886 NOTAE

330 3967 341 3993 0
358 3957 434 4006 Tanto
455 3962 556 4021 tempore
576 3959 693 4025 diffidere]
721 3959 753 4010 Id
771 3971 821 4026 est,
861 3963 919 4027 qu'r'l
936 3978 966 4014 ae
982 3963 1100 4025 erigaris
1114 3962 1180 4025 potat
1196 3961 1254 4025 gu’r't
1269 3976 1299 4010 ιιι
1309 3963 1391 4011 matut

297 4040 371 4083 tauto
387 4042 503 4097 ternpore
517 4035 627 4086 inaurato
642 4051 669 4086 se
680 4037 713 4086 da
724 4053 822 4088 summa
858 4057 911 4104 pur.
943 4041 967 4089 11
976 4055 1006 4090 ac
1015 4039 1134 4100 croigaott
1143 4038 1209 4100 point
1219 4037 1279 4100 qa'r't
1288 4039 1390 4097 resarcit.

299 4110 337 4158 rei
347 4109 495 4172 desperare.
862 4116 913 4166 Sed
924 4115 1000 4166 nolim
1011 4116 1059 4166 lroo
1070 4115 1171 4165 imitari.

329 4184 410 4234 ‘Nec
427 4185 669 4250 remunereris]
696 4188 765 4242 Gall.
786 4193 821 4242 Et
