3152 4950
288 421 351 486 180
595 435 597 443 ’
639 415 800 484 niceros
824 434 1032 484 cannensis
1105 433 1108 440 ·

287 581 417 664 partem
442 577 594 662 praedee'¹
615 577 658 642 ad
672 595 749 642 eum
773 583 998 661 portaverant,
1019 576 1151 642 Lemno·
1173 578 1384 660 regreditur:

287 681 456 746 invalidus
471 681 570 744 etiam
585 684 782 761 iamneque
797 677 882 742 setis
894 677 989 742 firmo
1005 693 1131 760 gressu.
1154 675 1235 761 [48.]
1251 678 1383 744 Interea

287 775 461 849 consilium
478 781 610 847 Graecis
625 782 830 864 agentibue,'
855 778 945 864 Ajox
959 779 1201 845 'l'elomonine¹
1221 781 1256 844 in
1277 781 1383 845 medi-

224 887 230 902 ‘
286 903 342 948 om
358 901 564 966 progressus,
583 881 689 948 docet
711 887 861 964 oportere
885 879 971 946 mitti
988 880 1032 944 ad
1046 877 1213 944 Achillem
1229 886 1384 962 precato·

249 1025 252 1032 -
286 1003 351 1062 res,
367 985 425 1067 qni
445 1001 520 1046 eum
536 984 774 1065 imperatorum
789 979 899 1046 verbis
913 985 1013 1063 atque
1027 981 1198 1045 exereitus
1214 981 1382 1064 peterent,

288 1086 452 1149 remittere
466 1085 547 1162 iras,
562 1101 603 1146 ao
617 1089 766 1166 repetere
781 1081 918 1146 solitam
941 1099 1015 1146 cum
1040 1081 1112 1145 suis
1136 1083 1296 1162 gratiam:
1319 1084 1383 1146 rni-

284 1185 373 1248 nime
388 1181 515 1267 quippe
529 1181 778 1267 espemendnm
793 1181 894 1246 telem
910 1175 1028 1258 virum,
1051 1201 1137 1246 nnnc
1152 1184 1207 1247 vel
1222 1184 1379 1263 maxime,

285 1297 364 1350 oum
378 1283 534 1349 secundis
548 1285 648 1347 rebus
662 1281 837 1360 (irasciet
851 1282 964 1366 paullo
980 1287 1059 1345 ante
1074 1282 1231 1360 victores»,
1254 1295 1319 1347 non
1334 1286 1381 1348 ob
1491 1282 1496 1294 '

286 1384 476 1462 utilitatem,
490 1382 549 1448 sed
563 1383 698 1448 honoris
714 1384 843 1460 meiito,
859 1383 1000 1465 gratiam
1015 1383 1088 1466 ejus
1103 1389 1261 1465 peterent.
1289 1384 1383 1449 Inter

286 1503 363 1567 quoe
377 1483 578 1567 deprecariy
591 1483 692 1548 etiam
707 1481 1003 1565 Agamemnonem,
1015 1481 1109 1548 (leret
1121 1483 1258 1566 opernm
1269 1484 1382 1560 simul,

287 1584 558 1668 voluntatemque
588 1584 718 1666 egendo
752 1585 887 1666 negotio
916 1581 1112 1651 inhiberet:
1148 1603 1293 1668 namque
1318 1586 1382 1649 teli
1425 1573 1429 1578 ’

285 1689 435 1766 tempore
447 1683 692 1747 incommune·
707 1684 751 1748 ab
764 1683 918 1747 omnibus
930 1685 1183 1764 consulendum,
1193 1687 1383 1768 praesertim

285 1785 460 1865 proculab
476 1784 589 1862 domo,
611 1784 697 1848 locis
720 1783 838 1848 alienis
860 1790 963 1868 atque
985 1785 1185 1852 hostilibus:
1207 1803 1316 1870 neque
1341 1805 1381 1850 ee

287 1885 394 1961 aliter,
408 1885 573 1948 intortam
587 1885 703 1967 gravia
716 1871 806 1950 bello
820 1885 968 1969 undique
982 1905 1098 1951 versus
1112 1888 1257 1952 inimicis
1272 1887 1382 1969 regio-

289 1985 415 2062 nibus,⁸
430 2001 532 2067 qnam
548 1985 730 2049 concordia
745 1991 834 2050 tutos
849 1987 934 2052 fore.
977 1986 1027 2052 At
1042 1989 1100 2052 nbi
1109 1985 1208 2052 linem
1220 1987 1381 2071 loquendi

289 2083 398 2161 iecit-,²
420 2085 536 2148 onnoti
550 2085 653 2149 duces
674 2085 893 2152 collaudere³
920 2089 1097 2154 consilium
1122 2089 1197 2167 viri,
1213 2089 1381 2170 simulque

285 2183 509 2268 praedicantes
531 2185 718 2251 ed'ooelom
743 2187 875 2266 tollere,
891 2188 1020 2254 scilicet
1044 2190 1236 2273 quodcum
1260 2188 1385 2253 virtute.

290 2285 464 2370 corporis,¹>
487 2293 557 2352 tum
572 2287 702 2371 ingenio
716 2289 893 2354 universos
908 2291 1058 2356 anteiret.
1101 2289 1189 2355 Post
1202 2309 1277 2373 quae
1289 2287 1382 2371 Agn-

741 2464 921 2487 omeunue

414 2593 419 2604 ’
456 2577 913 2660 2Delpls.firemseeitqunerii.-s
931 2578 1024 2644 Delplr.
1044 2579 1212 2628 collaudavere.

685 2761 688 2767 ¹
781 2737 889 2790 NO'PAE

250 2847 253 2854 ’
316 2842 330 2867 ¹
347 2833 396 2890 Qui
411 2838 502 2897 portem
517 2833 616 2898 proedoe]
641 2834 704 2897 Ejus
715 2833 812 2897 proedae
851 2836 915 2896 lom,
927 2834 960 2884 11.
972 2840 992 2886 1.

286 2913 344 2973 qore
357 2923 403 2973 per
411 2909 521 2971 Ajacem
529 2917 556 2973 et
563 2907 688 2958 Achillem
699 2908 812 2960 adducto
883 2907 1043 2974 memorari]
1049 2909 1234 2974 Semperspnd
1244 2909 1268 2960 N
1272 2917 1379 2970 ostrum,

285 2983 386 3034 l'mrrst.⁴
488 3003 491 3010 ¹
779 3007 782 3012 ·
851 2986 1123 3051 proobnixepreeeri.

317 3063 432 3112 'Lemo
442 3059 589 3124 regreditur]
611 3060 654 3111 Ab
665 3060 720 3112 eliis
731 3062 811 3112 omni·
882 3071 893 3096 ⁸
910 3064 1018 3126 Namque
1035 3062 1079 3112 toli
1098 3066 1200 3124 tempore
1215 3061 1379 3124 inermum,

209 3163 211 3168 ·
285 3137 333 3188 bns
344 3137 385 3186 hic
396 3135 489 3200 Dictys
499 3133 731 3185 dissentitro'mner
743 3137 811 3187 enim
850 3137 904 3204 qm]
922 3139 974 3190 Qui
993 3138 1123 3202 obliquam
1141 3135 1217 3186 istam
1236 3137 1377 3186 ontionem

284 3228 336 3263 nno
353 3225 478 3262 consenso
494 3210 601 3272 tradant
620 3210 652 3260 sb
664 3211 810 3261 Graeeisle·
852 3221 953 3264 attente
971 3215 1073 3277 legerit,
1090 3213 1112 3262 is
1132 3225 1194 3261 sene
1206 3211 1231 3259 in
1245 3223 1276 3258 es
1287 3211 1377 3260 mirem

284 3296 358 3352 gatos
377 3288 501 3336 Lemnum
513 3286 600 3335 missos
617 3286 662 3350 qni
680 3283 811 3338 Philoole'·
851 3290 1089 3355 inconsequentiam
1097 3285 1283 3352 deprehendet.
1297 3286 1378 3336 Aiunt

284 3367 344 3413 tem*
355 3363 381 3411 in
399 3367 485 3411 castre
504 3360 669 3411 reducerent.
702 3361 811 3423 Legatos
852 3367 981 3428 Graeci,se
990 3381 1040 3415 non
1050 3365 1082 3414 ob
1090 3363 1230 3414 utilitatem
1240 3361 1376 3424 sosm‚eed

284 3434 329 3506 eos
336 3437 454 3500 Ulyssem
466 3441 493 3485 et
506 3435 655 3486 Diomedem
666 3442 743 3485 vocat
756 3435 811 3500 Hy·
851 3441 954 3491 lronoris
966 3441 1068 3502 merito,
1080 3437 1188 3488 Achillis
1204 3437 1315 3500 gratiam
1333 3449 1377 3501 ps·

285 3515 368 3576 ginus·
386 3510 464 3561 Orid.
490 3511 607 3575 Ulyssem
620 3517 719 3560 tentoni
731 3512 812 3575 ponit.
850 3522 920 3577 tere3
935 3515 981 3564 sed
992 3515 1062 3564 illum
1075 3523 1159 3563 temen
1170 3511 1265 3562 obnixe
1276 3519 1378 3576 rogent.

283 3585 426 3638 Pannonias
444 3581 598 3634 Diomedem
619 3591 727 3634 mnrium.
764 3587 811 3636 So·
851 3596 879 3637 nt
891 3603 918 3636 se
929 3589 1009 3637 etism
1018 3589 1091 3650 operi
1102 3587 1377 3650 adjungatmliprse·

284 3663 400 3726 phoelem
411 3659 437 3708 in
446 3660 602 3716 Philoctete,
612 3659 739 3721 Pyrrhum
751 3673 810 3712 enm
850 3663 939 3711 restim
957 3671 1084 3725 tempore.
1100 3675 1158 3710 enm
1175 3661 1252 3724 longe
1270 3661 1377 3711 roomo

287 3737 382 3802 Ulysse
394 3733 538 3798 proiectum
550 3733 623 3783 dicit.
644 3777 646 3780 .
851 3751 905 3796 sne,
924 3737 950 3785 in
969 3749 1032 3800 agro
1050 3737 1137 3786 hostili
1156 3742 1184 3785 et
1201 3736 1270 3784 inter
1287 3736 1377 3798 gravis

317 3819 333 3846 ⁸
353 3810 482 3860 Comitium
502 3807 638 3871 menibus]
671 3807 810 3859 Consilium
850 3813 928 3876 belle,
943 3813 992 3862 nisi
1013 3827 1060 3877 per
1078 3809 1243 3863 concordiem
1258 3811 1375 3861 tullense

285 3883 350 3938 licit
368 3885 438 3952 qood
459 3885 595 3935 concilium
613 3890 671 3945 rst3
688 3899 771 3948 neque
784 3885 811 3934 ld
851 3903 903 3938 non
915 3895 1031 3950 possum.
1058 3886 1278 3938 certerixrimm
1291 3895 1375 3935 teneo.

286 3964 410 4030 exemplis
435 3969 517 4011 earet.
560 3961 603 4011 Sic
625 3959 696 4010 Galli
722 3959 812 4013 dicunt
882 3963 1019 4026 ‘Undique
1027 3975 1109 4012 rerem
1118 3961 1221 4011 inimicis
1230 3959 1375 4022 regionibus]

286 4042 380 4102 emerit,
400 4040 433 4088 de
456 4038 511 4088 loco
533 4037 587 4102 illo,
608 4035 653 4086 nbi
675 4036 809 4087 eonsilium
849 4037 1145 4088 Exislentibnsseilicet.

285 4115 403 4164 habetur.
453 4123 455 4126 '
678 4120 682 4126 '
881 4114 1007 4164 bVirtute
1025 4111 1140 4176 corporis]
1164 4111 1216 4162 Hic
1236 4112 1319 4160 virtus
1335 4116 1375 4160 est

318 4196 331 4222 ¹
346 4191 413 4250 Aiax
433 4188 591 4253 Telamonius]
614 4188 692 4252 Apud
712 4187 809 4239 liome·
850 4185 937 4240 robor.
970 4187 1014 4238 Sic
1031 4187 1131 4237 Graeois
1146 4183 1371 4250 aliquandobomt.

285 4279 356 4330 tum,
369 4265 467 4315 Nestor
490 4265 569 4314 verbs
587 4261 661 4314 iecit.
693 4263 759 4314 Vide
778 4265 808 4314 il·
