3136 4948
429 375 477 436 ui
503 387 682 438 nrsroare
708 385 818 432 unam
842 385 1018 434 unorrsr.
1222 369 1266 432 tu

170 535 297 613 Graeci,
313 533 437 617 qnippe
449 551 537 616 qnos
547 533 632 596 inter
645 543 744 594 rarus¹
756 531 889 596 omnino
903 537 976 595 erat
989 531 1159 596 literarum
1173 551 1265 598 usus.

170 635 386 719 Acceperuut
407 652 464 696 eas
483 651 529 696 ex
553 632 741 705 Phoenicia,
769 652 854 714 quas
877 638 990 698 auctor
1020 633 1167 698 Punicas
1188 631 1269 700 ideo'

172 737 265 810 dicit,
283 741 316 798 et
330 743 452 818 praeter
466 752 550 816 quas
575 733 685 797 nullas
709 732 758 794 illi
776 733 864 796 alias
883 733 1050 798 habebant
1065 741 1124 800 aut
1138 739 1268 802 norant.

174 836 342 916 Quocirca
363 835 444 918 qnid
469 853 558 916 opus
581 840 653 898 erat
678 834 731 897 sui
757 835 921 917 temporis
946 835 1108 913 homineS,
1126 858 1269 920 quorum

92 953 95 958 ’
173 944 286 1002 ωιηοη
299 938 386 1000 ratio
401 936 550 1000 maxime
566 935 739 1000 hahetur‘a
755 935 997 1018 ScriptoribnS,
1013 957 1160 1017 monere,
1175 962 1212 1007 se
1229 937 1272 1009 iis

173 1039 278 1104 literis
293 1059 405 1116 usum,
418 1057 495 1120 quae
506 1038 587 1100 solae
603 1044 681 1100 ωηο
696 1037 865 1100 illiserunt
879 1039 992 1102 notaet
1040 1041 1163 1108 Nonne
1178 1047 1272 1130 inep-

176 1147 234 1204 tus
248 1148 338 1204 esset
351 1138 462 1215 hodie,
478 1138 537 1220 qui
552 1138 688 1201 doceret
702 1137 859 1215 lectores,¹
887 1158 925 1202 se
947 1139 1066 1204 librum
1081 1161 1179 1207 suurn
1203 1147 1274 1212 edi·

177 1243 281 1320 disse,
297 1249 364 1305 arte
380 1239 624 1324 typographica
633 1257 809 1316 excusum,
825 1259 900 1322 quae
916 1239 1051 1307 inventa
1062 1245 1107 1308 sit
1121 1253 1198 1312 ante
1210 1250 1274 1314 hos

177 1341 342 1406 ducentos
356 1351 390 1405 et
406 1340 645 1424 quinquaginta
658 1339 761 1404 ferme
771 1342 905 1404 annosi
950 1342 1016 1406 Sed
1032 1345 1130 1424 satis',
1143 1352 1274 1432 opinor,

179 1450 275 1528 patet
284 1444 434 1518 cuilibet,
444 1437 899 1524 inculcarihaecnonTrojani
907 1447 1067 1526 temporis
1076 1448 1279 1532 homiuibus,

180 1545 334 1622 sediliis,
345 1545 404 1626 qui
416 1544 528 1608 multis
539 1543 674 1606 saeculis
689 1553 771 1625 post
783 1543 940 1608 vixerunt
952 1553 1100 1629 tempore
1117 1549 1151 1614 N
1153 1555 1276 1632 aronis,

181 1654 219 1709 ut
228 1647 360 1712 scilicet
370 1648 530 1711 rationem
540 1644 707 1728 quandam
716 1646 884 1724 haberent,
897 1665 1000 1729 qnare
1009 1647 1082 1714 haec
1094 1651 1234 1720 historia
1245 1658 1279 1721 in

182 1747 292 1818 lucem
315 1755 397 1812 tnnc
414 1747 585 1832 prodiens,
600 1766 750 1810 sermone
766 1745 863 1810 fuerit
880 1746 1004 1814 Graeco
1020 1757 1222 1836 composita,
1245 1763 1280 1820 et

184 1857 294 1914 tamen
316 1850 454 1914 Punicis
476 1849 595 1926 literis,
618 1868 695 1930 quae
719 1853 798 1912 tunc
824 1848 966 1912 multum
990 1851 1136 1918 diversae
1151 1862 1244 1920 erant
1259 1877 1282 1922 a

184 1950 329 2028 Graecia,
347 1951 485 2034 scripta.
530 1950 584 2014 De
610 1947 808 2014 ‘Sermone’
837 1969 915 2014 vero
941 1952 1031 2034 quod
1054 1955 1111 2032 ait,
1134 1957 1282 2022 sumtum

184 2053 220 2117 id
236 2069 288 2117 est
304 2074 348 2117 ex
364 2052 518 2117 Homero
535 2052 658 2137 Odyss.
676 2061 710 2116 Τ.
726 2054 802 2117 175.
819 2054 878 2116 nbi
894 2054 935 2118 de
950 2053 1062 2120 Cretae
1077 2059 1196 2122 incolis
1220 2059 1282 2137 ait,

179 2153 277 2232 *ᾼλλη
303 2156 324 2216 δ’
338 2155 437 2218 ἄλλων
447 2159 574 2238 γλῶσσα
587 2152 759 2238 μεμιγμένη,
773 2155 861 2218 ‘alia
874 2155 1015 2218 aliorum
1032 2165 1085 2220 est
1107 2158 1220 2240 lingua
1233 2161 1284 2223 in·

186 2266 239 2321 ter
261 2275 297 2319 se
323 2254 512 2340 permixta?
555 2254 681 2318 Verum
703 2255 777 2318 haec
803 2255 844 2318 de
866 2255 1032 2321 Dialectis
1046 2259 1179 2340 exiguae
1194 2280 1285 2344 pror·

188 2379 248 2423 sus
259 2359 496 2439 discrepantiae
511 2358 547 2419 in
561 2356 825 2440 pronunciando,
837 2357 949 2439 qualis
964 2358 1067 2422 etiam
1081 2360 1180 2425 hodie
1199 2355 1288 2427 inter

188 2459 367 2545 proximas
382 2459 479 2522 unius
499 2457 733 2524 Gentisnrbes
749 2458 944 2541 plerumque
959 2459 1131 2542 reperitur,
1146 2471 1223 2527 sunt
1236 2465 1287 2528 in·

188 2561 380 2644 telligenda,
405 2563 443 2628 at
467 2561 543 2642 ipse
564 2567 682 2624 censet
712 2560 922 2624 Eustathius.
967 2560 1177 2646 Neutiquam
1209 2585 1287 2649 ergo

190 2663 357 2728 dehebant
373 2651 486 2726 Graeci
508 2667 683 2745 propterea
697 2661 767 2725 dici
790 2660 951 2725 ‘diverso
974 2662 1057 2726 inter
1078 2683 1115 2727 se
1138 2685 1289 2732 sermone

191 2765 310 2847 agere,'
327 2771 386 2828 ant
400 2762 569 2828 haesitatio
584 2763 709 2826 oboriri
724 2761 851 2825 homini
873 2763 971 2828 istius
991 2767 1149 2846 temporis
1162 2767 1290 2850 aliquid

192 2867 329 2951 publice
354 2865 530 2948 scripturo,
552 2865 684 2949 qualern
705 2863 838 2948 praefert
858 2872 971 2928 noster
996 2866 1056 2929 lib.
1073 2883 1106 2928 v.
1122 2868 1174 2931 17.
1190 2887 1290 2932 usum

193 2989 231 3033 se
247 2968 426 3052 ‘Oratione
442 2965 501 3031 ea’
516 2972 668 3042 testatus,
686 2971 806 3050 ‘qnam
822 2966 968 3032 maxime
980 2967 1066 3030 inter
1078 2973 1149 3032 tam
1160 2965 1293 3034 diversa

195 3069 354 3154 loquendi
368 3088 489 3152 genera
501 3069 661 3152 consequi
676 3087 717 3132 ac
739 3067 1015 3151 comprehendere
1029 3067 1200 3152 potnerit,'
1215 3065 1293 3134 cum

195 3160 311 3256 utique
326 3191 371 3235 ex
390 3171 479 3235 omni
494 3170 631 3235 Graecia
644 3171 800 3235 homines
814 3177 894 3235 tunc
916 3169 1039 3234 fuerint
1053 3170 1111 3235 diu
1133 3169 1169 3234 in
1191 3167 1294 3235 unam

196 3272 450 3357 expeditionem
466 3272 650 3356 conjuncti,
665 3277 701 3336 et
714 3272 800 3335 alter
811 3272 956 3336 alterum
970 3271 1131 3336 facillime
1145 3269 1296 3336 intellex-

198 3377 294 3451 erint,
310 3379 347 3437 ut
363 3372 513 3438 homines
537 3374 634 3437 unius
660 3373 783 3453 linguae
807 3373 926 3436 solent.
972 3373 1090 3454 Longe
1109 3373 1218 3456 major
1231 3373 1298 3436 init

201 3473 427 3556 discrepantia
447 3475 647 3539 elocutionis
673 3474 818 3551 Graecae,
833 3475 866 3536 in
895 3474 1006 3536 varias
1030 3482 1108 3540 tunc
1134 3475 1298 3538 dialectos

201 3575 381 3652 distinctae,
405 3575 538 3656 qnando
559 3576 674 3642 Graeci
695 3575 766 3659 jam
791 3581 884 3640 eraut
902 3577 1013 3658 sparsi
1035 3597 1100 3640 non
1121 3595 1183 3660 per
1196 3581 1300 3642 totam

202 3678 307 3745 modo
322 3675 504 3752 Graeciam,
518 3677 553 3740 iu
565 3679 753 3742 latissimos
768 3677 898 3742 tandem
915 3676 997 3741 fines
1008 3678 1174 3756 diffusam,
1185 3679 1247 3742 sed
1267 3683 1301 3742 et

202 3783 236 3845 in
259 3778 378 3843 Asiam
393 3777 565 3857 minorem,
580 3781 614 3843 iu
627 3779 774 3858 ltaliam,
788 3785 822 3842 et
835 3777 996 3843 Siciliam.
1041 3780 1163 3864 Neque
1184 3779 1300 3842 tamen

204 3886 253 3950 ita
269 3889 346 3944 tunc
372 3879 545 3943 haesitavit
570 3880 779 3958 Herodotus,
804 3882 983 3945 historiam
1017 3901 1113 3946 suam
1141 3881 1303 3956 editurus,

207 3983 328 4049 Ionica
342 3981 425 4044 licet
440 3980 585 4046 dialecto
600 3988 745 4046 uteretur
760 3984 843 4046 inter
858 3982 1078 4046 Athenienses
1092 3988 1128 4044 et
1148 3979 1303 4044 Thurios.

207 4085 276 4150 Sed
301 4081 393 4146 hand
415 4081 518 4148 dubie
533 4083 702 4150 affectavit
722 4085 844 4168 Dictys
863 4090 976 4148 noster
990 4082 1158 4147 obsoletas
1173 4085 1207 4144 et
1222 4081 1307 4144 anti·

210 4191 327 4270 quatas
337 4186 421 4269 jam,
441 4187 526 4252 forte
547 4186 795 4270 <et-peregrinas
814 4185 1015 4262 locutiones
1030 4190 1066 4247 ut
1089 4184 1135 4246 ita
1157 4183 1307 4267 speciem
