3136 4948
397 1101 955 1208 LECTORIBUS

480 1408 617 1484 LUD.
671 1407 872 1486 SMIDS.

529 1722 830 1734 ——n-——-—-

134 1987 466 2085 Qunuuoournuu
495 2009 685 2090 Scriptores
713 2008 856 2073 Troicos
879 2009 1016 2074 laudare
1044 2010 1223 2092 multisque

133 2103 308 2171 verborum
328 2110 472 2190 phaleris
495 2129 669 2185 exornare,
685 2115 775 2172 vetat
788 2109 903 2172 horum
919 2110 1065 2190 dignitas
1088 2118 1123 2172 et
1137 2129 1223 2190 prae-

134 2207 271 2283 stantia,
297 2209 513 2271 'solummodo
532 2209 617 2270 hanc
649 2209 841 2284 editionem,
871 2227 993 2271 novam
1029 2214 1072 2286 et,
1103 2209 1133 2271 si
1159 2227 1224 2270 non

133 2307 462 2380 emaculatissimam,
493 2308 660 2386 prioribus
698 2306 818 2368 saltem
846 2307 1106 2370 emendatiorem
1135 2327 1225 2370 com-

134 2404 289 2466 mendare
311 2413 363 2467 est
378 2406 515 2467 animus.
560 2405 651 2482 Quid
676 2405 730 2481 hic
745 2404 846 2484 igitur
860 2407 1124 2486 praestiterimus
1140 2405 1225 2470 Lec-

133 2507 223 2565 tores
237 2505 402 2580 benevoli,
417 2505 537 2585 paucis
550 2505 715 2586 accipite·

180 2619 204 2662 ι.
226 2601 370 2684 Dictyos
387 2605 588 2685 Daretisque
604 2611 809 2680 contextum,
826 2625 845 2668 a
865 2605 1115 2687 typothetarum
1132 2606 1224 2669 vitiis

133 2699 269 2784 (mirum
293 2723 393 2786 quam
417 2703 662 2786 frequentibus)
684 2706 947 2787 repurgavimus,
974 2713 1007 2768 ct
1023 2724 1159 2786 prorsus
1175 2707 1225 2768 in-

136 2811 325 2884 corruptum
340 2804 419 2867 dare
436 2805 546 2868 conati
562 2797 698 2868 fuimus.

83 2986 86 2990 Ι
180 2918 220 2962 u.
244 2901 484 2966 Annotationes
500 2905 732 2968 eruditissimae
747 2910 918 2980 matronae,
933 2901 1040 2966 Annae
1059 2903 1224 2974 Daceriae,

136 3005 384 3084 typothetarum
397 3000 485 3068 forte
504 3005 644 3081 incuria,¹
656 2999 837 3068 innumeris
852 3005 886 3066 in
901 3004 988 3066 locis
1011 3003 1142 3066 sordide
1157 3005 1225 3066 dis-

137 3104 271 3179 tinctas,
285 3103 356 3186 (oui
372 3111 469 3168 vacat
483 3124 558 3167 cum
570 3105 633 3167 hac
643 3113 759 3166 nostra
770 3104 952 3166 editionem
961 3103 1107 3165 conferre
1118 3102 1231 3165 Galli-'

138 3223 223 3280 cam,
234 3203 298 3266 hoc
310 3222 425 3284 negare
435 3205 567 3266 minime
581 3201 733 3286 poterit,)
747 3203 1017 3278 instauravimus,
1034 3201 1226 3266 emendavi-

136 3323 222 3380 mus,
238 3303 478 3384 supplevimus.

183 3421 240 3466 ur.
275 3403 385 3470 Notas
415 3405 554 3484 integras
582 3403 760 3465 illustrium
792 3404 946 3476 vir'orum,
973 3402 1050 3466 Jos.
1074 3402 1226 3470 Mercari,

138 3501 243 3582 Casp.
266 3500 404 3568 Barthii,
420 3499 490 3561 Ulr.
506 3499 676 3576 Obrechti,
692 3499 790 3562 Paul.
805 3499 990 3582 Vindiugii,
1006 3502 1123 3565 doctas
1149 3519 1227 3564 saue

139 3612 174 3665 et
183 3599 361 3686 jucundaS,
376 3599 573 3680 adjecimus.
1095 3673 1099 3680 ι

185 3717 234 3765 rv.
259 3701 402 3780 Propter
430 3700 554 3764 heroici
578 3701 757 3782 argumenti
785 3700 978 3780 elegantiam
1009 3722 1140 3784 quoque
1165 3701 1227 3764 Jo-

141 3802 236 3884 sephi
261 3799 464 3864 Exouieusis
489 3802 560 3863 sive
584 3801 696 3864 lscani
717 3801 757 3862 de
780 3800 871 3862 bollo
893 3799 1043 3883 Trojano
1063 3801 1228 3882 egregium

132 3921 282 3977 carmen,
307 3900 398 3964 Sam.
418 3891 585 3964 Dresemii
612 3901 699 3964 notis
724 3902 850 3983 optime
873 3901 1085 3979 illustratum,
1100 3901 1229 3965 addidi·

141 4022 238 4066 mus:
261 4002 369 4064 dictas
384 4021 463 4066 vero
478 4011 576 4068 notas
588 4001 765 4066 admodum
777 4003 976 4084 negligenter
986 4003 1229 4078 consarcinatus

142 4121 184 4165 ao
206 4101 392 4178 distinctas,
409 4111 592 4184 perattento
606 4102 750 4186 quodam
773 4102 914 4166 Erudito
938 4103 1128 4186 adjuvaute,
1145 4102 1229 4184 poli-

142 4208 197 4266 tas
212 4207 246 4264 et
259 4211 435 4268 accuratas
451 4206 686 4288 expressimus.
912 4196 914 4201 ’

208 4317 292 4380 Delph.
304 4324 327 4368 et
341 4319 399 4366 Vor.
412 4319 475 4368 Cloe.
606 4319 675 4368 Dirt.
684 4319 751 4368 Cret.
1141 4315 1163 4364 Α
