3152 4950
324 845 731 964 DICTYOS
789 843 1336 968 CRETENSIS·

527 1137 604 1214 DE
642 1138 819 1215 BELLO
853 1135 1110 1216 TROJANO

696 1420 844 1490 LIBER
880 1420 943 1486 Vl.

623 1691 1013 1706 ffl-

623 1709 1014 1734 ᾖ

274 1897 492 1998 Posuounu
517 1920 700 2006 impositis,
716 1939 794 2004 quae
817 1920 934 2003 singuli
955 1919 1045 1986 bollo
1060 1919 1294 2004 quaesiverant,
1309 1939 1364 1985 aa·

274 2024 410 2088 uendere
429 2025 507 2109 ipsi,
528 2023 646 2089 solutis
660 2021 915 2087 anchoralibus·
929 2023 1104 2105 navigant:
1126 2022 1203 2090 dein
1218 2042 1239 2087 a
1255 2023 1367 2110 puppi

275 2125 480 2192 secundante
501 2132 611 2204 vento,
643 2123 764 2208 paucis
792 2123 910 2190 diebus
938 2143 1118 2210 pervenere
1140 2125 1185 2190 ad
1207 2123 1365 2207 AEgaeum

273 2246 363 2294 mare
376 2227 410 2292 :¹²
431 2228 481 2294 ibi
503 2229 606 2294 multa
627 2227 789 2292 imbribus
803 2226 990 2310 ventisque,
1011 2234 1046 2290 et
1060 2227 1104 2291 ob
1118 2226 1153 2290 id
1177 2225 1364 2292 saeviente¹

273 2328 368 2406 mari,
385 2328 522 2413 indigna
536 2327 679 2414 experti,
698 2327 839 2412 passim,
853 2328 900 2392 uti
916 2345 989 2396 sors
1004 2327 1135 2408 tulerat,
1148 2328 1366 2412 dispaluntur.

273 2425 315 2490 In
337 2429 415 2516 quis
437 2431 616 2500 Locrorum
638 2429 770 2510 classis,
786 2429 950 2496 turbatis²
976 2449 1036 2516 per
1057 2436 1292 2515 tempestatem
1315 2429 1366 2495 os·

257 2529 361 2593 ⁴ficiis
379 2533 561 2608 nautarum,
582 2539 617 2597 et
638 2533 723 2598 inter
744 2552 781 2598 se
802 2532 994 2616 implicatis,
1009 2532 1053 2597 ad
1075 2536 1280 2622 postremum
1301 2531 1369 2596 iul·

272 2630 361 2695 mine
376 2635 578 2698 comminuta
593 2640 654 2698 aut
666 2634 805 2700 incensa
818 2639 906 2699 astz⁰
920 2640 978 2698 at³
994 2653 1055 2698 rex
1066 2633 1246 2698 Locrorum
1259 2632 1364 2716 Ajax,

273 2736 453 2816 postquam
474 2734 618 2800 nutando
632 2733 771 2799 evadere
792 2733 1000 2817 naufragium
1015 2735 1130 2799 enisus
1146 2741 1208 2812 est,
1224 2733 1364 2817 reliqui*

272 2831 397 2896 tabulis
420 2842 477 2900 aut
503 2835 570 2900 alio
599 2835 763 2900 levamine
791 2833 972 2914 fluitantes,
1001 2836 1084 2900 ubi³
1121 2835 1165 2902 ad
1196 2832 1365 2900 Euboeam

273 2929 449 3012 devenere,
493 2935 717 3004 choeradibus
750 2937 900 3020 scopulis
922 2937 1060 3022 appulsi
1081 2933 1267 3021 pereunt:d
1302 2953 1364 2999 sos

728 3125 910 3156 ‘nemum

306 3261 318 3304 1
337 3255 462 3307 Obrecht.
472 3271 506 3307 ex
517 3257 589 3309 Med.
608 3260 672 3312 eod.
684 3246 921 3326 legendum'mauet
938 3270 963 3314 et
982 3265 1121 3315 omoemerte
1131 3265 1250 3316 urm-a
1267 3265 1365 3328 Delpb.

271 3321 471 3383 perturbatio-8
490 3324 585 3388 Deipb.
603 3330 685 3375 er.—r
703 3327 798 3391 Delpb.
812 3329 956 3391 obtqua-5
975 3330 1070 3393 Deipb.
1085 3334 1215 3392 portqrruar.
1231 3329 1364 3380 ‘Omnino

272 3384 330 3435 dele
345 3390 486 3450 postquumr
503 3395 532 3438 ut
543 3395 571 3438 et
582 3403 659 3454 supra
670 3395 724 3450 est,-
740 3398 769 3442 ut
788 3407 877 3442 seusus
886 3394 937 3443 sit:
956 3400 1091 3458 postquam
1107 3393 1177 3458 Ajex
1196 3393 1292 3452 enisus,
1309 3393 1365 3444 ulii-

764 3552 870 3605 NOTAE

269 3656 520 3784 ι’Μίιιεῐιιιηιὶὶὺιιῇ
546 3661 714 3728 subauditur,
732 3662 799 3714 suni·
838 3679 984 3730 conspersa.
1017 3667 1053 3716 Et
1069 3667 1106 3716 ita
1121 3666 1164 3718 bic
1182 3667 1254 3718 locus
1270 3669 1366 3720 inteili-

288 3746 372 3858 11:0¹4&
388 3809 498 3870 Quum
512 3810 588 3874 mure]
615 3810 697 3876 Atqui
714 3819 797 3864 totum
838 3741 1006 3869 ‘weitaim
1014 3819 1365 3886 minatumtircersaett]

270 3883 334 3934 iliud
354 3897 434 3942 ruere,
452 3885 580 3936 Graeciam
599 3885 632 3936 ab
651 3886 714 3937 Asia
730 3889 795 3938 diri·
836 3893 1259 3960 viueflygrnum,1²au.11oqur
1278 3903 1367 3946 tamen

269 3961 344 4022 deur,
359 3959 472 4026 AEgoeuru
494 3960 602 4012 dictum.
633 3961 795 4014 sacramen
835 3967 919 4033 iprum
937 3968 1046 4033 Ajacem
1065 3968 1173 4020 fulmine
1192 3971 1308 4020 occisum
1326 3971 1364 4020 di·

270 4035 311 4084 bic
323 4035 427 4099 propris
438 4037 542 4087 locutus
553 4042 593 4087 ert
604 4037 709 4101 Dictys.
727 4039 795 4089 Nam
835 4044 879 4093 cit.

270 4109 380 4172 primunr
394 4125 454 4161 uere
465 4113 580 4177 AEqoeuru
592 4127 662 4163 merc
676 4128 735 4178 pars
750 4113 795 4166 ilia
866 4117 1044 4170 scammum
1055 4119 1265 4184 uppabipereaat]
1276 4120 1299 4172 1.
1305 4135 1366 4189 tco-

159 4225 162 4232 ,
270 4184 341 4233 diota
362 4193 410 4248 ert,
429 4203 486 4252 qua
507 4188 686 4254 frequentibus
706 4191 792 4242 insulis
833 4193 1042 4259 poliuereqione
1054 4193 1169 4258 Euboeae,
1174 4195 1254 4260 juxta
1263 4197 1365 4264 Capha-
