3112 4950
428 349 476 434 un
501 385 620 436 annuo
643 383 814 433 rnorsuo
839 383 911 432 are.
935 386 985 433 v1.
1173 371 1238 436 tii?

146 531 349 599 Telemacho
378 551 423 596 ex
448 531 603 598 Nausica
628 536 742 596 natum
768 529 871 594 filium
894 529 1038 610 Ulysses
1064 518 1238 613 Ptolipor'ss

144 637 263 702 thum⁰
289 634 452 717 appellat.
496 633 555 716 [7.]
578 624 668 696 Dum
692 632 765 696 haeo
788 632 879 714 apud
906 632 1058 698 Ithacam
1085 641 1237 716 aguntur,

147 737 394 820 Neoptolemus
416 735 508 818 apud
531 735 728 799 Molossost’
749 753 853 798 naves
868 739 1045 817 quassatas
1060 739 1239 817 tempesta-

145 841 236 906 tibus
259 838 381 902 refioit:
403 845 505 920 atque
530 837 607 900 inde
630 842 807 918 postquam
828 836 996 916 cognitum
1022 837 1065 899 ab
1085 835 1238 902 ,hoastot

144 942 321 1023 expulsum
345 958 445 1021 regno
475 939 589 1015 Pelea,
614 925 721 1002 ultum
749 939 816 1000 ire⁷
839 937 977 1020 injurias
1004 939 1061 1002 avi
1087 941 1238 1021 cupiere,

145 1044 253 1126 primo
282 1042 494 1125 exploratum
523 1040 608 1104 dnos
638 1059 739 1123 quum
767 1040 959 1117 fidissimos
993 1048 1028 1105 et
1053 1043 1239 1123 incognitos

142 1145 210 1208 illis
234 1145 329 1220 locis,
358 1143 582 1227 Chrysippum
610 1151 645 1206 et
674 1142 847 1218 Aratum,8
879 1142 1088 1208 Thessaliam
1116 1145 1237 1209 mittit:

143 1245 245 1328 hique
261 1249 382 1310 cuncta
406 1265 484 1328 qnae
509 1246 719 1326 gerebantur,
742 1244 949 1326 insidiasque
972 1244 1006 1307 ei
1020 1250 1155 1328 paratas
1177 1266 1239 1330 per

143 1346 318 1424 Acastum,
343 1350 386 1412 ab
407 1347 578 1412 Assandro
602 1367 666 1411 non
691 1347 798 1417 alieno
824 1347 917 1410 Pelei
941 1352 1155 1428 cognoscunt.
1200 1348 1238 1412 la

142 1468 288 1532 namque
298 1447 499 1526 Assundrns,
509 1449 719 1530 iniquitatem
731 1449 880 1532 tyrannir
895 1450 1035 1525 evitans,
1045 1447 1149 1512 Peleo
1160 1469 1239 1514 cons

144 1557 315 1616 senserat:
349 1558 513 1634 notusque
543 1550 628 1614 adeo
655 1550 727 1632 ejus
757 1551 901 1627 domus,s
933 1551 982 1614 uti
1009 1551 1096 1614 inter
1125 1558 1239 1616 cetera
1303 1551 1307 1560 '

142 1655 300 1736 originem
325 1653 425 1717 etiam
451 1654 644 1738 nuptiarum
673 1653 769 1716 Pelei
793 1673 868 1718 cum
891 1653 1055 1731 Thetide,t
1083 1653 1237 1718 Chironis

173 1983 189 2028 7
208 1978 303 2042 Delph.
314 1979 405 2028 tra—8
422 1979 518 2043 Delph.
531 1979 657 2030 Arotbum.

635 2159 742 2211 NOTAE

171 2279 184 2304 ⁰
202 2272 385 2335 Ptoliporthttm]
396 2272 446 2324 Qut
457 2271 583 2333 Hesiodo,
596 2271 667 2321 Aris·
682 2311 683 2316 ,
707 2269 823 2336 ἐρχομένη
832 2270 1235 2333 νηΰςἈνδρῶνθεσπρωτῶνέςΔοψ

140 2349 224 2404 tuteli,
239 2357 266 2396 et
279 2349 414 2398 Eustathio
431 2349 579 2410 Persepolis:
598 2349 665 2412 qnod
706 2347 931 2409 λίχιονπολῦπνρον.
943 2346 1002 2394 ’End
1008 2345 1050 2405 ὅγε
1056 2346 1080 2406 μ’
1089 2343 1236 2407 quaereas

139 2423 207 2472 idern
217 2431 271 2484 est;
282 2432 419 2488 utrumque
428 2424 495 2472 enim
504 2424 595 2472 Latine
606 2423 614 2451 ‘
625 2437 666 2472 ur·
706 2429 747 2487 ψαι
763 2426 864 2482 βασιλῆϊ
875 2421 983 2485 Ἀκάστῳ
997 2419 1130 2473 Ἐνδυκέως.
1157 2423 1235 2472 ‘Com

139 2497 208 2546 bium
222 2497 353 2548 vastator'
364 2497 499 2560 signifieat.
706 2502 765 2564 tigit
777 2501 843 2549 eninr
855 2507 883 2550 ut
893 2497 1022 2549 iretnavis
1029 2499 1149 2548 Virorum
1157 2500 1238 2548 Thess

165 2569 666 2638 t’ApudMolosros]PoprrlosEpiri.Epi·
707 2584 838 2640 protorum
860 2577 885 2624 in
906 2573 1052 2624 Dulichium
1072 2572 1236 2624 frumentari·

138 2665 194 2699 rnrn
212 2657 297 2700 antem
313 2653 444 2715 appulisse
467 2651 667 2712 Neoptolemum
706 2667 756 2703 em.
787 2653 858 2701 'l'uuc
870 2653 962 2700 illeme
976 2651 1168 2714 jussitmittere
1180 2651 1236 2716 regl

139 2727 213 2776 multi
222 2729 395 2778 consentiunt.
412 2729 455 2776 lta
465 2727 603 2788 Pindarus,
616 2727 666 2778 Od.
706 2728 803 2778 Acasto
815 2728 964 2778 Accurate.'

139 2817 189 2854 vu.
207 2807 373 2866 Nemeorum,
392 2806 504 2854 Pausau.
519 2805 545 2854 in
563 2805 666 2864 Atticis.
738 2813 748 2839 ¹
765 2805 883 2870 Tyranni]
901 2803 1001 2854 Acasti.
1033 2803 1181 2867 Tyrannum
1190 2816 1235 2852 au-

137 2883 235 2933 Justin.
251 2896 322 2932 xvir.
338 2887 385 2931 &a
420 2882 472 2931 Sed
486 2897 532 2944 ego
553 2881 595 2931 hic
607 2883 665 2931 Μο-
706 2887 759 2930 tem
771 2882 812 2930 hie
824 2881 888 2930 dicit
900 2881 925 2929 in
938 2881 1030 2929 rnalam
1047 2886 1163 2944 partem:
1187 2879 1233 2928 sed

137 2957 218 3017 lossos
229 2959 291 3007 alios
302 2957 411 3019 intelligi
424 2957 528 3020 dehere,
545 2957 664 3006 arbitror.
706 2973 761 3006 earn
775 2973 863 3008 vocent
879 2959 1000 3021 Trojanls
1018 2957 1177 3021 temporibus
1196 2957 1233 3020 ig·

59 3069 64 3076 .
137 3033 207 3083 Vide
225 3035 342 3096 paginam
350 3037 410 3084 279.
428 3033 620 3096 ‘appulsnsqne
633 3031 665 3082 ad
705 3041 792 3084 nutam
811 3033 900 3096 fuisse,
918 3033 975 3083 inse
994 3035 1096 3084 notarit
1113 3033 1233 3083 Eustath.

136 3109 280 3174 Sepiadnm
301 3107 392 3157 littus.¹
434 3107 591 3170 Sequentern
621 3123 665 3156 au-
705 3112 794 3164 OM.

137 3193 190 3236 tem
209 3185 350 3246 historiam,
368 3185 401 3233 de
421 3183 502 3232 Peleo
521 3197 567 3246 per
584 3182 665 3232 Acas—
736 3195 746 3220 ⁸
763 3189 884 3249 Notusque
899 3188 956 3234 odeo
975 3185 1026 3246 ejus
1044 3183 1139 3247 domus]
1162 3183 1233 3232 Puto

87 3279 88 3282 ¹
137 3269 192 3312 tum
213 3253 293 3324 reg'no
309 3259 471 3324 suo-fugato,
488 3273 521 3308 ex
540 3258 664 3321 Euripide
705 3263 747 3312 irie
766 3268 836 3312 notus
853 3277 910 3310 esse
930 3260 1054 3320 activum,
1068 3273 1115 3322 pro
1128 3270 1234 3320 goarem

136 3347 266 3388 mrrtnasse
289 3339 387 3399 Dietyu
410 3345 483 3400 puto,
506 3335 549 3399 qni
571 3335 617 3393 ait,
639 3335 664 3383 in
705 3339 871 3405 qnod-tamen
884 3339 927 3386 vix
940 3335 1002 3385 alibi
1012 3334 1136 3398 reperias.

135 3409 664 3469 Troadibus:nutsttmmarsmrtre-
736 3416 745 3448 ⁸
771 3415 895 3476 Origiuem
916 3413 988 3461 etium
1007 3410 1146 3474 nuptiarum
1166 3410 1234 3460 Pelei

133 3486 663 3555 μῦς,κωνῶτινῠεῐῐηλέωςᾶκοῦσαςσνμφο·
704 3507 756 3540 eum
769 3491 878 3552 Thetide]
904 3489 974 3540 Quas
987 3485 1234 3550 elegantissimede·

133 3567 186 3630 ptr,
193 3567 224 3616 tis
235 3583 269 3614 νιν
278 3563 488 3626 χθονὺεἌκαστυε
496 3560 662 3620 &retharius
703 3567 794 3616 scribit
812 3566 936 3616 Catrrllus.
969 3564 1064 3612 Earum
1082 3567 1167 3611 erstem
1185 3563 1234 3611 ori·

134 3642 305 3704 nemmem.
323 3641 396 3706 ‘lpse
403 3650 487 3689 arnern
500 3639 564 3689 abiit
574 3640 662 3703 Neop·
703 3644 786 3706 giuem
796 3645 833 3693 ita
844 3640 1066 3704 Apollodor.x1n.
1084 3638 1152 3688 ‘Sed
1162 3647 1189 3688 et
1197 3639 1234 3688 al·

134 3723 254 3782 tolemus,
269 3735 347 3770 noros
357 3717 480 3782 quosdam
492 3715 665 3765 Peleidioens
705 3726 786 3769 teram
803 3732 909 3768 uxorem
927 3717 1001 3765 duruit
1019 3717 1124 3776 Peleus,
1134 3715 1233 3765 'l'hetin

134 3811 220 3857 ossus,
239 3795 306 3860 quod
327 3795 396 3844 illum
419 3808 433 3840 ε
453 3783 534 3854 regno
554 3791 664 3841 Acastus
705 3797 785 3846 Nerei
809 3795 898 3855 tiliam,
920 3794 953 3843 de
974 3793 1049 3857 cujus
1070 3791 1233 3842 matrimonio

134 3871 213 3934 ejecit
226 3871 306 3920 Pena
317 3868 401 3920 tilius.'
423 3869 476 3917 Etsi
488 3869 530 3915 ille
540 3867 661 3916 Phthiam
702 3873 807 3936 Jupiter
823 3879 850 3920 et
866 3871 1007 3932 Neptunus
1015 3869 1204 3918 contenderunt
1216 3867 1236 3913 ε’

134 3949 229 3998 abiisse
246 3947 318 3998 illnnr
331 3947 404 4010 dicit,
419 3945 517 3996 Noster
528 3959 589 3993 vero
602 3945 663 4008 Epi·
702 3947 861 4012 (Apollinem
873 3945 945 3995 addit
956 3942 1109 4008 Pindarum)
1120 3949 1127 3972 ⁶
1137 3949 1164 3994 at
1173 3947 1232 3994 euni

134 4039 201 4076 rum.
702 4023 791 4072 Thetis
803 4039 818 4072 a
836 4038 864 4072 se
882 4027 967 4070 ortum
979 4017 1059 4068 tilium
1076 4027 1150 4082 patre
1160 4017 1231 4069 iutu-

165 4109 178 4142 t
202 4099 241 4150 nt
262 4097 364 4161 Acasto]
391 4097 473 4147 Pellae
495 4096 558 4146 filio.
592 4097 663 4149 Puto
703 4113 758 4148 rum
771 4113 828 4148 esse
840 4095 1045 4162 praestantiorem
1057 4093 1231 4158 praedixisset,

132 4179 213 4238 hune,
223 4191 256 4225 ex
265 4175 391 4236 Homero,
399 4173 519 4224 Dulichio
532 4187 661 4238 regnasse.
703 4176 857 4226 abstinuisse
878 4174 970 4226 Jovem
989 4171 1057 4222 illius
1075 4172 1172 4236 nuptiis
1190 4169 1231 4222 iel

133 4251 177 4304 Its
189 4252 260 4303 enim
270 4251 377 4318 Ulysses
389 4248 441 4302 0d.
452 4253 479 4306 z.
503 4249 600 4312 τύχησε
615 4251 663 4320 qtp
703 4258 772 4306 runt.
804 4253 862 4307 Neo
880 4251 984 4308 desunt,
1000 4249 1044 4306 oui
1063 4245 1177 4300 scribant
1196 4245 1229 4299 arl
