3152 4950
440 417 489 465 on
514 417 633 465 nunno
656 416 828 465 unoruuo
852 419 925 466 nra.
949 417 983 468 v.
1186 385 1272 470 2113x

159 554 270 632 Quare
291 557 433 622 c'ons'ilio
455 559 571 635 dilato,
587 560 697 624 duces·
713 560 821 622 nostri
842 558 884 622 ad
901 556 1099 624 Antenorem
1115 561 1253 638 abeunt,

156 657 271 738 ibique
287 659 436 740 acceptis
456 660 564 741 epulis
584 665 806 742 pernoctant.¹
862 659 1031 724 Praeterea
1048 670 1251 743 cognoscunt

156 756 202 821 ab
217 757 396 836 Antenore,
411 759 537 823 editum
551 759 716 840 quondam
731 760 902 824 oraculum
918 759 1086 843 Trojanis,
1102 765 1249 826 maximo

158 857 263 922 exitio
273 858 401 923 civitati
413 858 512 938 sore,y
525 860 554 923 si
567 859 782 938 Palladium,²
797 861 889 943 quod
903 861 938 924 in
950 862 1075 945 templo
1087 860 1250 927 Minervae

648 1085 756 1136 NOTAE

153 1230 270 1294 τέοοοροις
288 1231 419 1294 τοτοκόνοο,
436 1230 555 1291 Βούνικον,
572 1230 682 1294 Κόρινθον,
720 1231 814 1282 rabitis
844 1232 932 1281 urbem
947 1247 963 1299 εΙ
981 1230 1132 1295 ,Imperium
1161 1247 1249 1283 seeum

149 1306 265 1370 Ἄνονον,
276 1306 315 1355 καὶ
324 1306 415 1357 ’Idem
432 1313 439 1335 ⁸
449 1308 541 1356 Plures
553 1315 637 1356 tamen
647 1321 681 1355 ex
721 1307 860 1357 transferet
871 1309 916 1356 iila
927 1306 994 1356 loci!

152 1381 304 1431 Alexandro
316 1390 428 1445 qnatnor
438 1382 565 1432 Helenam
577 1381 680 1444 genuis-
734 1377 739 1385 “
751 1391 761 1416 ¹
778 1382 925 1445 Palladiam]
941 1382 1034 1431 Statua
1045 1381 1168 1445 Palladis,
1180 1397 1248 1448 mag-

151 1471 180 1506 ιο
197 1456 296 1511 dicunt,
313 1457 466 1512 Bonnicum,
482 1456 680 1524 Commodum·
719 1456 837 1506 nitudine
861 1458 938 1506 trium
961 1456 1117 1513 cubiturum,
1140 1459 1248 1521 pedibus

152 1545 238 1594 qaum,
250 1537 277 1580 et
289 1529 405 1580 Idaeum)
423 1529 575 1594 Lycophron
586 1538 680 1592 tamen,
719 1533 756 1582 ita
772 1533 930 1596 compositis,
947 1538 977 1582 nt
996 1533 1129 1582 ambulare
1146 1534 1247 1586 videre·

154 1605 282 1655 Helenam
305 1606 401 1676 nullam
421 1606 559 1654 masculam
582 1605 679 1668 prolem
720 1613 771 1671 tur,
786 1608 879 1657 dextra
896 1608 991 1656 elatam
1006 1607 1114 1670 basum,
1131 1608 1247 1674 levaque

152 1682 264 1732 edidisse
284 1681 377 1732 refert.
409 1681 455 1731 Kal
480 1679 559 1730 τόνςο
585 1679 679 1740 enicat
719 1683 803 1730 colum
822 1679 959 1746 susumque
974 1683 1090 1745 gerebat.
1125 1683 1246 1748 Apollod.

152 1757 219 1806 οῐνςιέ
228 1755 335 1820 Ἀργείοις
345 1756 419 1815 κυνὸς,
429 1757 477 1815 rtis
489 1755 630 1815 θηλότοιδος
640 1755 680 1804 uui
719 1771 762 1806 ιιι.
779 1757 831 1808 Sed
844 1764 921 1820 negat
936 1757 1040 1820 Strabo,
1057 1765 1169 1808 stantem
1186 1759 1248 1810 inie-

151 1831 270 1896 τριόνορος
291 1831 370 1893 κόρης.
403 1834 457 1882 ‘Et
481 1839 575 1882 cuncta
597 1831 680 1881 obibit
720 1847 764 1892 ιτς
792 1834 863 1882 illum
884 1833 944 1881 vide
966 1846 1029 1882 xrrr.
1063 1833 1103 1880 De
1125 1835 1244 1884 Palladio
1328 1827 1332 1838 ⁸

151 1905 679 1970 propterArgivamtupamfflemtnipuer-
720 1916 806 1958 autern
826 1909 927 1958 variant
946 1896 1092 1957 sententia.
1124 1907 1248 1973 Apollod.

152 1995 240 2044 peram
260 1987 288 2030 et
304 1981 419 2029 triviram
437 1979 564 2043 puellam'
596 1981 680 2032 Quem
720 1984 756 2032 ait
778 1983 853 2047 llum,
875 1990 935 2048 post
956 1983 1045 2033 urbem
1068 1983 1208 2048 conditam,
1231 2001 1247 2034 a

151 2060 237 2108 locum
253 2058 335 2108 citans
345 2058 492 2121 Stephanus
507 2058 540 2107 de
558 2056 640 2108 urbib.
652 2057 678 2106 in
719 2056 786 2108 Jove
803 2057 950 2120 petiissent
963 2057 1013 2105 sibi
1031 2058 1129 2119 signum
1142 2059 1245 2122 aliquod

151 2147 215 2184 voce
223 2132 298 2200 Λόγος
305 2134 380 2196 legit,
389 2131 476 2194 Aletes
486 2131 564 2195 κόρης.
586 2133 620 2181 Et
632 2131 676 2182 ad·
716 2133 808 2194 daret,
831 2147 883 2197 quo
900 2131 971 2182 iacto
990 2131 1116 2195 postridie
1134 2140 1194 2182 anta
1207 2142 1247 2182 ta·

149 2207 312 2271 ἀίι,όλόγος
328 2207 381 2271 srepl
389 2206 486 2266 Ἑλένης
495 2199 628 2265 Λακωνικῆς
638 2207 676 2256 cli·
716 2209 880 2258 bernaculrtm
908 2221 980 2256 ιιιιιιο
1003 2207 1149 2258 Palladiam
1172 2205 1247 2260 vidie

149 2299 195 2343 της
205 2283 244 2334 καὶ
255 2282 338 2346 &isus
348 2285 381 2344 μὴ
390 2281 512 2342 τεκοόοης,
522 2285 557 2345 τᾷ
564 2280 677 2343 uento
716 2284 793 2346 Item,
803 2298 860 2333 eum
869 2283 990 2332 Minerva
999 2291 1027 2332 et
1039 2284 1125 2334 Pallas
1138 2284 1206 2333 inter
1216 2299 1245 2334 se

151 2358 191 2408 uel
201 2358 344 2424 Ἀλεξάνδρῳ
355 2358 393 2408 uei
403 2357 517 2420 Δηϊφόβῳ
526 2355 676 2421 γομοθιόοης.
716 2360 913 2415 contenderent,
928 2358 1048 2408 Minerva
1059 2359 1192 2408 Palladem
1205 2361 1244 2410 in-

149 2435 258 2486 ‘Sermo
279 2434 311 2484 de
334 2435 438 2500 Helena
460 2433 598 2496 Laconica,
619 2446 677 2495 quse
716 2432 836 2504 terieeit3
852 2448 932 2498 qnare
942 2441 1031 2497 postea
1039 2433 1128 2482 dolore
1138 2433 1244 2497 affecta,

148 2523 199 2558 non
219 2512 322 2574 peperit
336 2523 441 2570 marem,
457 2521 539 2574 neque
557 2507 677 2556 Menelao
715 2511 878 2560 simulacrum
891 2509 927 2559 iili
937 2509 1018 2558 simile
1030 2501 1157 2570 coniecit3
1174 2512 1243 2573 quod

148 2584 387 2650 nequerllexandro
395 2590 423 2633 et
431 2580 675 2648 Deiphobonnpta.’
716 2591 806 2648 postea
826 2585 931 2634 Electra
948 2583 1023 2633 ilium
1042 2583 1144 2633 detulit.
1178 2584 1245 2635 llec

147 2659 325 2710 Temenidem
335 2657 675 2723 'laetaeqlocosupralau-
716 2658 897 2724 Apollodome.
930 2658 1242 2710 Aliidicunt'l'roistern·

149 2735 220 2794 date,
231 2738 268 2787 ait
279 2738 356 2786 etiam
368 2751 434 2799 esse,
450 2736 493 2802 qui
505 2734 610 2784 tradant
622 2734 675 2784 He·
716 2735 880 2798 pore'Asinm
893 2733 1019 2800 quendam
1032 2733 1119 2790 luisse,
1131 2735 1173 2797 qui
1185 2742 1242 2785 arte

147 2813 233 2862 lenem
254 2827 338 2860 mares
361 2826 393 2862 ex
416 2811 535 2862 Menelao
562 2811 616 2858 sire
642 2824 675 2859 ex
714 2823 760 2858 sua
771 2810 934 2874 astrologiam
946 2816 975 2858 et
985 2815 1054 2858 artes
1067 2809 1180 2872 magicas
1190 2811 1243 2859 cal-

147 2886 248 2938 Theseo
266 2887 426 2949 suscepisse;
454 2900 546 2950 nempe
564 2885 675 2934 (Νίκιον
716 2885 795 2946 lebat,
814 2885 927 2950 ligneum
947 2884 1108 2949 simulacrum
1132 2897 1178 2946 per
1198 2883 1242 2934 bo·

146 2968 255 3024 tratum,
263 2962 400 3025 priolao,
410 2968 438 3011 et
449 2957 612 3014 Menelaum!
718 2974 853 3022 roacopnm
872 2958 947 3021 tecit,
967 2958 1035 3022 qnod
1057 2959 1242 3021 inexpugnabi-

179 3044 193 3070 ¹
209 3038 292 3100 Ibique
313 3037 414 3099 deceptis
434 3035 510 3098 epulis
527 3035 679 3098 pernoctant]
716 3037 767 3084 lem
780 3035 869 3085 urbem
884 3034 1012 3094 redderet,
1023 3035 1049 3082 in
1066 3045 1117 3098 qua
1126 3047 1241 3084 servare·

147 3112 288 3176 Scripsisse
316 3112 406 3161 debuit
430 3112 534 3174 Dictys,
555 3111 676 3172 ‘accepti
717 3117 767 3160 tur.
800 3109 920 3160 Emtatb.
941 3109 968 3157 ln
992 3109 1098 3171 Dionys.
1122 3107 1242 3169 Taetaee,

146 3185 248 3252 apalis!
280 3185 357 3236 Ratio
374 3185 493 3249 estquod
513 3185 604 3234 Latine
623 3184 676 3232 dici
716 3186 879 3246 Suidasqdm.
906 3183 1045 3246 Dionysius
1069 3181 1242 3235 Halicarnasi.

146 3275 198 3311 ιιοιι
213 3261 304 3324 possit,
323 3261 459 3324 ‘accipere
474 3259 579 3323 epulas!
612 3258 674 3321 Sed,
716 3273 777 3308 vero
791 3272 808 3307 r.
826 3256 953 3320 Antiquit.
965 3270 987 3302 c.
998 3255 1041 3302 cit.
1051 3253 1131 3302 refert
1141 3255 1241 3306 Darda·

146 3333 252 3397 ‘accipi
264 3333 364 3395 epulis!
712 3327 781 3388 nnnr',
802 3332 900 3394 Chryse
923 3329 1031 3393 quadarn
1055 3342 1133 3377 uxore
1151 3329 1241 3394 ducta,

177 3419 188 3453 ι
206 3408 315 3458 Maxim
326 3407 400 3456 exitio
410 3407 504 3456 ciuitati
513 3405 581 3466 sore]
609 3407 672 3455 Dio·
711 3407 744 3456 ab
761 3423 792 3456 ea
811 3404 928 3455 Palladia
948 3404 999 3452 duo
1018 3402 1163 3465 accepisee;
1181 3419 1238 3466 ques

144 3500 203 3549 nys.
215 3483 378 3532 Halicarnas.
394 3497 413 3532 ι.
425 3483 514 3544 Antiq.
528 3487 569 3531 68.
581 3497 671 3530 oracu-
711 3495 743 3528 οι
764 3481 943 3542 Peloponneso
962 3478 988 3525 in
1000 3477 1201 3528 Samothraciam
1213 3487 1241 3529 et

143 3563 197 3611 inm
210 3556 333 3609 Dardano
344 3557 442 3607 editum
453 3555 545 3606 selert.
576 3553 672 3605 Edr'tv
712 3553 1107 3615 indeinrlsiempervexit,&c.
1139 3553 1241 3616 Atium
1326 3579 1328 3584 ·

144 3637 192 3698 γὰρ
207 3632 267 3682 τόδε
283 3631 358 3692 σεμνὰ
373 3632 422 3680 eud
440 3630 552 3692 ὑμετέροιν
563 3628 673 3696 peperi
714 3629 833 3679 Clemens
841 3627 1040 3686 Alexandrinus,
1049 3626 1191 3678 Palladium
1201 3630 1240 3679 di-

144 3713 214 3772 Δῦρο
229 3706 286 3756 Διός
307 3705 391 3769 κούρης
408 3704 500 3768 ἃλόχοο
520 3706 597 3769 σέθεν,
614 3706 630 3766 ἡ
648 3709 674 3755 ts
714 3711 777 3755 cunt
788 3719 821 3752 ex
832 3703 932 3753 ossibus
943 3702 1047 3766 Pelopis
1059 3701 1163 3755 taetrum.
1186 3706 1239 3754 lilii

144 3781 351 3834 τόλιςτοοἜοται
359 3780 487 3846 ἀπόρθητος
497 3781 582 3830 eludet
589 3780 675 3845 χρόνον
714 3779 740 3828 in
751 3793 813 3842 agro
830 3777 960 3842 Pbrygiae,
972 3777 1014 3827 cui
1029 3777 1089 3826 inde
1102 3779 1240 3828 Festinanti

126 3889 130 3896 -
145 3861 225 3920 ἤμοτο
237 3855 324 3908 edne.
356 3859 441 3908 ‘Nam
452 3857 512 3906 drrm
526 3858 674 3908 venerande
713 3868 805 3902 nomen
814 3853 874 3916 init,
883 3853 1008 3903 decidisse
1019 3845 1132 3908 tradunt,
1141 3859 1168 3902 et
1178 3853 1238 3902 inde

143 3938 189 3985 illa
200 3935 227 3984 ln
239 3940 325 3982 vestra
340 3934 445 3996 regione
457 3939 533 3982 erunt
545 3933 618 3981 Dona
629 3930 674 3984 ,Ιο-
714 3928 818 3977 Romam
830 3926 975 3976 aduectum.
992 3928 1027 3976 Et
1037 3923 1093 3976 baec
1105 3927 1160 3976 iere
1173 3941 1238 3990 pra-

142 4012 182 4060 vis
193 4009 253 4059 filim
264 4008 297 4058 ab
309 4022 388 4058 uxore
400 4015 446 4057 tna
459 4005 601 4072 (accepta),
611 4008 673 4058 urbs
712 4003 789 4066 cipue
804 4009 863 4051 eunt
879 4016 937 4066 qun
954 4000 987 4048 de
1003 3999 1122 4048 Palladio
1134 4000 1238 4050 tradun-

136 4088 189 4137 'tua
208 4085 263 4132 Erit
276 4084 449 4146 inexpugnata
465 4095 597 4145 peremne
609 4088 672 4130 tem·
713 4085 773 4138 tur,
790 4090 871 4138 neque
888 4076 955 4148 enim
973 4074 1058 4124 omnia
1070 4074 1131 4124 licet
1143 4089 1237 4142 conge-

142 4174 192 4223 pus
214 4165 242 4206 et
264 4155 318 4205 dies
340 4156 445 4206 omnes.’
487 4157 522 4206 Et
543 4156 621 4206 Ouid.
645 4171 672 4204 v.
713 4165 781 4214 rere,
792 4166 824 4201 ne
835 4151 900 4200 liber
912 4149 1015 4199 nimium
1026 4155 1133 4199 crescat.

141 4237 213 4285 Fast·
227 4229 390 4282 ‘AEtbeream
399 4237 501 4281 servate
514 4231 606 4293 Deam,
620 4243 672 4278 ser-
