3136 4948
418 352 467 400 us
486 351 671 423 :ursroarr
698 352 808 400 arunt
833 321 1009 402 raoraurss
1206 337 1250 402 ar

156 495 237 576 ,que'e
262 491 395 562 tandem
416 499 467 558 est
488 494 577 576 ratio
597 493 631 556 id
653 491 805 573 negandi,
821 501 879 558 aut
900 495 933 556 in
956 493 1091 558 dubium
1107 493 1251 558 vocandi

159 593 261 664 fidem
272 592 448 674 Epistolae,
465 613 565 675 quam
580 593 660 658 huic
675 594 836 675 opuscolo
850 595 1010 676 praemisit
1021 596 1181 676 interpres
1196 595 1252 658 illa

160 693 352 774 Septimius,
367 713 443 756 cum
461 695 577 775 utique
593 694 742 758 extiterit
758 714 871 758 revera
886 705 965 776 post
980 702 1128 777 tempora
1144 694 1252 758 Nero·

159 791 365 866 nisGraecus
382 795 526 875 scriptor
537 795 640 858 istius
665 796 811 860 nominis
828 816 849 858 a
864 795 994 858 Graecis
1008 797 1252 877 posterioribus

106 903 110 912 ’
161 889 288 974 saepius
316 893 487 969 laudatus,
518 913 595 958 curn
626 895 801 958 conveniat
826 895 964 958 Titulus
989 895 1101 960 Graeci
1123 895 1253 960 Latini·

34 1021 38 1034 ·
162 1013 225 1074 que
249 991 348 1076 hujus
374 995 498 1076 operis,
530 1014 605 1058 cum
629 1001 811 1075 congruant
833 997 997 1078 utrimque
1024 1016 1078 1060 res
1105 998 1190 1079 ipsae
1220 999 1254 1058 in

162 1094 301 1164 candem
324 1096 423 1177 plane
446 1097 657 1170 sententiam,
684 1115 760 1158 cum
789 1097 933 1177 denique
960 1095 1079 1160 eadem
1102 1097 1254 1160 tradatur

162 1195 416 1279 inventioperis
444 1195 592 1272 historia,
608 1201 684 1278 quae
707 1215 786 1275 ergo
812 1197 896 1260 ratio
919 1205 983 1273 est,
1009 1197 1156 1278 iuquam,
1171 1196 1255 1260 satis

163 1295 297 1379 idonea,
315 1315 415 1378 quare
437 1315 535 1362 secus
545 1316 653 1380 ,quam
675 1316 729 1360 res
755 1296 940 1378 ipsa·ultro
963 1297 1097 1372 clamat,
1112 1306 1147 1360 et
1169 1295 1255 1380 Sep·

161 1397 280 1463 ‚lintius
301 1397 359 1460 ille
374 1397 495 1480 'palam
515 1398 559 1461 de
586 1418 623 1480 se
643 1397 774 1474 fatetur,
797 1417 990 1461 censeamus
1012 1397 1168 1462 Latinum
1191 1399 1255 1464 hoc

161 1497 374 1580 ,opusculum
390 1517 456 1566 non
479 1517 557 1566 esse
580 1517 623 1562 ex
639 1497 762 1560 Graeco
777 1497 935 1561 versum?
980 1497 1034 1562 lta
1045 1504 1152 1562 tamen
1167 1499 1257 1564 Vos·

160 1598 237 1672 ¹„sius
252 1598 286 1660 in
302 1598 488 1674 Historicis
505 1599 647 1676 Latinis,
664 1597 729 1675 ‘Q.
752 1599 933 1681 Septimius
947 1598 1122 1663 Romanus
1136 1601 1258 1668 Latina

164 1714 363 1775 prauumue
392 1698 536 1778 uertisse
560 1699 683 1782 Diclyu
707 1697 894 1762 Cretensem
918 1699 960 1762 de
980 1700 1076 1763 Bello
1097 1701 1257 1783 Trojano,

162 1799 226 1872 ,sed
245 1799 399 1881 quisquis
424 1805 540 1862 auctor
562 1803 614 1862 est
637 1797 710 1878 ejus
736 1800 859 1880 operis,
882 1800 1013 1876 Latine,
1035 1819 1100 1864 non
1126 1800 1258 1880 Graece,

161 1899 314 1982 scripsit,
329 1898 468 1970 Graecos
485 1905 595 1962 tamen
611 1905 770 1984 auctores
793 1918 867 1962 curn
889 1899 1023 1982 judicio
1044 1900 1135 1982 legit,
1157 1907 1258 1983 atque

167 2019 211 2084 ex
221 2001 264 2064 iis
275 2000 461 2082 excerpsit,
471 2019 546 2082 quaa
559 1999 695 2068 ueritati
706 1987 930 2068 consentanea
941 1999 1153 2066 viderentur.'
1174 2001 1258 2068 Vult

161 2119 256 2182 ergo,
272 2119 360 2183 opus
382 2101 447 2166 hoo
472 2099 641 2182 Septimii,
657 2099 711 2174 uel
736 2101 927 2182 quicunque
947 2101 1020 2182 ejus
1045 2107 1174 2180 auctor,
1191 2121 1260 2166 uon

159 2201 290 2287 ⁴¹,Graece
304 2203 473 2282 primitus,
489 2200 549 2262 sed
565 2199 682 2272 lactine
697 2205 824 2264 tanturn
847 2200 1009 2280 scriptum
1031 2219 1108 2264 esse
1124 2206 1159 2264 et
1173 2217 1261 2266 com·

162 2301 326 2384 positum.
353 2300 523 2370 Disertius
538 2299 640 2372 ctiam
653 2299 821 2362 Mercerus
835 2299 868 2360 in
885 2299 986 2362 Notis
998 2300 1042 2363 ad
1059 2300 1259 2383 Prologutn:

168 2399 241 2479 <Et
255 2399 500 2474 multaiudicia
515 2403 590 2463 sunt
605 2398 725 2464 Latine
747 2398 923 2478 scripsisse
941 2397 1114 2478 Nostrum,
1132 2421 1197 2466 non
1217 2423 1260 2468 ax

168 2494 294 2578 Graeco
309 2502 459 2578 vertisse,
476 2510 511 2564 et
525 2500 645 2566 habere
660 2518 682 2562 a
696 2497 827 2566 Graecis
842 2499 889 2573 τὴν
905 2495 1019 2574 inqua
1033 2500 1165 2565 Latinis
1178 2501 1263 2566 mul·

168 2588 226 2682 ,tas
250 2601 413 2672 dictiones
434 2593 631 2686 expressas,
657 2603 831 2684 praecipuo
858 2623 879 2666 a
904 2604 1086 2671 Sallustio.'
1129 2607 1262 2674 Vellem

168 2705 335 2795 ‘indicia'
364 2706 438 2770 haec
468 2704 662 2788 protulisset
690 2709 723 2774 et
751 2704 849 2767 notris
876 2715 1175 2774 commonstrasset
1200 2710 1264 2774 Vir

169 2807 395 2880 doctissimus.
440 2805 532 2870 Nam
553 2805 644 2888 quod
667 2806 807 2888 phrases
829 2805 952 2868 multas
967 2811 1124 2872 sumserit
1138 2827 1182 2873 ex
1199 2811 1263 2874 La-

171 2909 252 2972 tinis
269 2915 304 2971 et
324 2907 488 2974 classicis
511 2907 723 2982 auctoribus,
737 2923 778 2970 ac
794 2907 1006 2988 potissimum
1026 2927 1069 2971 ex
1087 2908 1263 2990 Sallustio,

174 3008 268 3092 quid,
281 3009 436 3086 obsecro,
451 3009 486 3086 in
503 3028 545 3072 eo
560 3009 648 3073 inest
662 3008 705 3072 ab
726 3007 914 3088 interpretis
935 3009 1066 3072 ratione
1087 3008 1170 3074 adeo
1186 3011 1265 3075 alie-

165 3129 262 3185 num,
277 3129 351 3196 curn
373 3110 492 3192 utique
515 3102 637 3172 Latina
660 3109 822 3187 oratione,
846 3115 878 3172 et
896 3109 1034 3172 liberius
1056 3110 1200 3191 quidem,
1226 3121 1266 3176 ut

171 3199 331 3281 solebant
359 3219 436 3280 tunc
467 3213 677 3292 interpretes,
707 3209 820 3280 Graeci
863 3211 1035 3292 scriptoris
1055 3215 1267 3294 ,expresserit

161 3315 371 3381 -historiaml
396 3313 515 3394 Neque
529 3313 619 3376 enim
640 3310 793 3394 postulat
807 3309 982 3392 quisquam
996 3331 1122 3390 eorum,
1145 3313 1202 3394 qui
1221 3331 1265 3376 ex

162 3417 298 3492 „Graeco
328 3414 486 3476 Nostrum
513 3415 587 3478 haec
612 3410 750 3478 vertisse
770 3418 923 3485 censent,
945 3418 982 3474 ut
1004 3413 1140 3474 verbum
1164 3412 1265 3474 verbo
1385 3489 1388 3496 ,

173 3534 305 3597 semper
320 3514 424 3580 auxia
438 3513 535 3575 nimis
552 3519 585 3576 et
600 3513 746 3578 obscura
766 3510 864 3592 plane
886 3509 1058 3591 diligentia
1080 3510 1267 3576 reddidisse

174 3617 341 3682 credatur.
782 3667 786 3676 .

222 3734 287 3782 xv.
310 3717 354 3782 Et
378 3723 487 3782 tamen
509 3717 596 3782 adeo
620 3715 709 3781 lidus
730 3715 793 3779 fuit
815 3733 909 3797 saepe
930 3714 1101 3798 interpres,
1117 3724 1154 3782 ut
1168 3718 1266 3780 etiarn

172 3819 377 3884 ‘Graecismis
393 3820 465 3902 ejus
482 3819 585 3882 dictio
606 3817 763 3894 abundet,
778 3823 812 3886 ,et
836 3817 938 3881 verba
959 3835 1000 3880 ac
1022 3815 1161 3898 phrases
1173 3815 1268 3880 Grae-

177 3942 240 3986 cas
259 3922 397 3986 subinde
413 3919 532 3984 Latino
556 3937 707 3983 sermone
728 3931 907 4000 expressas
929 3915 1108 3980 retinuerit.
1153 3915 1268 3996 Speci-

175 4005 279 4094 rninis
292 4021 370 4084 loco
396 4021 462 4084 siut
484 4019 659 4102 sequentia
680 4037 724 4082 ex
747 4018 878 4082 duobus
899 4021 1028 4082 tantum
1041 4015 1138 4078 libris
1151 4015 1268 4094 petita,

167 4123 241 4199 jib.
256 4141 289 4186 v.
312 4120 460 4186 ‘Eadem
472 4122 654 4204 cupiditate
668 4121 860 4186 universam
874 4117 1009 4187 domum
1022 4115 1097 4199 ejus
1110 4115 1142 4181 in
1155 4113 1268 4180 scelus
