3152 4950
276 359 342 427 etc
625 359 791 422 'nrcnrns
816 373 1022 426 cnsrunsrs

277 503 485 605 opportune¹
507 508 584 583 lucu
600 517 815 594 destinantur,
832 521 867 580 et
888 519 953 582 elia
976 519 1019 582 ob
1038 520 1214 602 pretiosam
1231 523 1370 585 vestem.

275 622 383 704 Igitur
396 621 455 684 ubi
469 622 594 684 saties²
616 619 752 702 Trojeni
768 620 938 702 sanguinis
954 621 1072 698 tenuit,
1097 627 1133 685 et
1152 621 1233 684 urbs
1255 621 1371 684 incen-

276 723 341 790 diis
355 724 566 805 complanata
586 727 649 797 est,
671 721 800 785 initium
816 721 983 786 solvendae
999 741 1057 804 per
1072 723 1224 804 praedem
1238 721 1370 786 milltiae

276 825 422 907 capiunt,
437 824 545 906 primo
561 841 581 885 u
596 823 741 905 captivis
756 823 916 900 foeminis,
932 823 1111 905 puerisque
1127 823 1236 886 adhuc
1252 823 1372 886 imbelss

276 925 377 988 libus.
416 923 535 1006 ltaque
550 941 593 986 ex
608 923 660 986 his
675 923 784 1005 primu
799 923 945 996 emnium
958 922 1092 986 Helene
1107 923 1180 986 siue
1197 929 1286 987 sorte
1296 922 1374 985 Me-

277 1023 374 1092 nelao
403 1024 613 1089 conceditur:
636 1023 715 1088 dein
731 1023 920 1109 Polyxena,
943 1025 1108 1090 suadente
1134 1023 1290 1108 Ulysse,q
1311 1039 1372 1106 per

278 1127 541 1210 Neoptolemum
554 1122 679 1188 Achilli
693 1124 826 1188 insudas
840 1127 959 1190 missa:
974 1121 1217 1207 Agamemnoni
1228 1123 1372 1188 Cessen-

278 1228 358 1292 dra‘
380 1227 489 1302 detur,
503 1233 683 1309 postquem
698 1225 803 1290 formu
819 1223 892 1308 ejus
907 1232 1035 1308 ceptus,
1052 1227 1133 1309 quin
1155 1224 1269 1307 palem
1281 1223 1372 1288 desi·

276 1329 401 1392 derium
421 1328 588 1404 fateretur,
610 1326 822 1392 dissimulare
843 1327 1055 1412 nequiverat:
1078 1327 1229 1392 AEthram
1244 1331 1278 1389 et
1293 1323 1374 1408 Cly·

277 1437 426 1493 menum*
448 1426 670 1509 Demophoon
699 1434 803 1510 utque
829 1426 1013 1491 Athamas³
1036 1426 1200 1495 habuere:
1223 1424 1372 1508 relique·

277 1535 374 1595 rum4
387 1549 458 1594 sors
474 1529 528 1610 egi
541 1528 678 1609 coepta:
690 1533 789 1610 etque
802 1529 852 1592 ite
867 1526 1094 1612 Neoptolemo
1107 1525 1374 1613 Andromacha:

278 1631 470 1714 adjunctisv
484 1631 661 1710 postquam
671 1628 707 1691 id
721 1635 874 1692 evenerat
888 1627 968 1694 tiliis
980 1629 1053 1714 ejus
1068 1625 1271 1693 inhonorem
1285 1627 1372 1700 tenti

278 1731 389 1808 ducis,
420 1729 537 1814 Ulyssi
563 1725 740 1792 ‘Hecube'
770 1731 944 1793 obvenere.
998 1727 1178 1793 Hactenus
1206 1729 1372 1792 nobilium

278 1833 488 1896 foeminarum
504 1847 637 1916 cessere
652 1827 817 1894 servitiu.¹
834 1909 836 1913 Α
860 1827 943 1907 Alii,
958 1833 1175 1914 utquomque
1195 1827 1277 1894 sors
1290 1847 1373 1893 cou-

733 2005 913 2027 000000000000

277 2123 374 2188 Deiph.
386 2135 463 2174 acces
475 2121 518 2172 otii
528 2122 577 2181 ud,·
588 2125 617 2170 et
627 2133 687 2170 mox
700 2133 747 2184 pro
757 2120 814 2177 mio,
824 2119 924 2171 ortt-e
935 2117 1029 2185 Delph.
1039 2121 1172 2171 surina-*t
1184 2116 1280 2187 Delph.
1291 2121 1373 2172 Aeto

777 2282 887 2332 NOTAE
911 2317 913 2323 ι
935 2239 937 2244 Ι

279 2395 451 2459 (iungentur)
483 2393 594 2446 Quidam
611 2393 692 2444 Codd.
709 2393 804 2444 hubent
845 2395 978 2444 mantiset
990 2391 1203 2458 Demophoontis,
1216 2391 1308 2441 Thesei
1319 2407 1372 2446 mer

277 2473 309 2519 nd
330 2469 495 2528 coercendum
523 2483 580 2534 quae
600 2469 679 2520 lectio
698 2465 805 2520 defendi
846 2477 895 2519 ter.

278 2551 374 2610 potest.
877 2543 1056 2607 ‘Reliquorum
1069 2558 1121 2592 sors
1137 2542 1276 2606 epicopis]
1302 2541 1372 2592 Puto

310 2619 469 2682 sptium
489 2619 599 2667 suadente
625 2618 720 2682 lllysse]
752 2617 804 2667 Alii
846 2618 1050 2680 rescribendum,
1079 2619 1228 2682 reliquarum.
1279 2616 1371 2666 Adhuc

277 2691 334 2742 fere
352 2707 440 2742 omnes
460 2693 598 2754 scriptores
617 2692 732 2752 tradunt,
750 2707 805 2744 um·
845 2695 913 2744 enim
924 2693 957 2742 de
968 2691 1218 2742 sertet'oemlnerom.

277 2769 350 2820 hrum
363 2767 481 2830 Achillis,
493 2768 533 2814 vel
550 2782 637 2816 uocem
654 2783 687 2816 ex
701 2768 756 2830 ejus
767 2781 805 2815 se·
876 2776 889 2801 ¹¹
907 2769 1058 2829 Neoptolemo
1067 2764 1244 2830 Andromacho]
1260 2766 1372 2816 hesches

279 2845 388 2906 pulchro
397 2850 545 2903 exeuntem,
557 2844 605 2892 sibl
617 2839 741 2892 ¹lmttrolarl
754 2845 805 2894 Pc·
846 2845 871 2892 in
879 2843 1061 2907 pervelllade:
1070 2843 1149 2907 Αὐτὰρ
1157 2839 1372 2905 'Adriaticum-

277 2918 398 2980 lyxennm
419 2918 531 2980 petiisse.
557 2919 674 2982 Enrlpld.
693 2921 806 2982 Lycoph.
845 2917 1371 2982 ddpotpotdsposuihs‘tmpdnrdboxurrar·

280 2991 361 3041 Ouid.
381 2995 430 3040 &e
471 2993 566 3040 Verum
590 2987 761 3042 Philostratus
779 3001 806 3045 et
846 2993 991 3057 ἀγεικοίλαε
1009 2993 1047 3043 et
1060 2996 1126 3052 νῆας.
1158 2995 1271 3044 ‘Verum
1283 2987 1373 3044 nebit·

181 3075 184 3081 '
278 3067 390 3118 'l'zetses
402 3068 428 3116 ln
445 3068 558 3130 Lycoph.
570 3068 685 3118 scribunt
695 3069 806 3132 Polyxe-
846 3072 877 3120 lls
896 3072 1015 3136 generosi
1034 3071 1147 3134 inclytus
1158 3060 1230 3138 'tilius
1249 3069 1374 3119 Hectoris

279 3159 339 3192 narn
352 3144 456 3193 Acblliis
466 3153 573 3194 mortem
584 3145 621 3194 sic
632 3145 699 3208 tegre
710 3145 807 3208 tulisse,
845 3159 950 3195 uxorem
961 3145 1035 3195 ducit
1045 3159 1121 3194 esras
1132 3144 1165 3194 ad
1178 3143 1276 3194 neves)

280 3227 309 3267 ut
326 3218 373 3268 sihi
390 3233 469 3283 super
489 3221 546 3284 ejus
566 3223 664 3272 tumulo
679 3214 804 3272 uiolentus
875 3227 887 3254 v
908 3219 1048 3284 Adiunctis]
1074 3220 1132 3271 Jatn
1154 3233 1234 3284 supro
1253 3217 1373 3284 probavi·

280 3307 369 3344 manus
381 3295 507 3346 intulerit.
554 3303 556 3310 ’
845 3311 909 3357 mus,
919 3295 1124 3346 Andromachum
1140 3291 1173 3345 err
1192 3295 1309 3346 Hectore
1324 3295 1382 3345 nn:

311 3370 508 3431 ingementem
531 3371 676 3434 Cassandro]
709 3373 806 3421 Postea
846 3377 992 3434 tyanaetam
1008 3377 1110 3421 tantum
1127 3372 1282 3434 suscepisse,
1295 3383 1372 3436 quem

280 3459 335 3496 eam
353 3459 411 3495 oum
428 3445 620 3510 Agamemnone
635 3446 731 3496 oceidit
746 3447 806 3518 Clyg
845 3447 971 3510 Pyrrhus,
979 3446 1043 3508 sive,
1052 3455 1082 3496 ut
1091 3447 1135 3496 elii
1147 3448 1244 3512 volout,
1254 3445 1373 3510 Idymes,

280 3528 437 3572 taemnestrs.
464 3521 542 3570 Horu.
561 3523 614 3572 0d.
632 3528 660 3570 Α.
678 3522 721 3570 nbi
738 3522 806 3583 Aga·
846 3521 879 3571 de
891 3523 955 3571 turtl
966 3521 1148 3586 precipitavit.

280 3609 400 3643 memnon
419 3595 472 3643 ultr
495 3588 656 3658 cleperent
675 3595 807 3654 δ’·ἤκουσα
876 3605 893 3630 ¹
915 3597 996 3660 Ulyssi
1015 3595 1125 3662 Humida]
1150 3595 1244 3660 Hygia.
1265 3597 1329 3647 Fau.
1348 3599 1373 3646 8.

281 3670 327 3718 dre
337 3667 447 3732 Πριάμοιο
457 3670 579 3734 Ματρὸς,
591 3669 751 3736 Κασσάνδρης,
762 3667 807 3730 rlrr'
846 3671 966 3736 ‘Ulysses
976 3670 1121 3733 Hecubam,
1129 3671 1211 3720 Cissei
1221 3669 1312 3730 filiam,
1321 3673 1372 3736 vel,

280 3747 358 3794 κτεῖνε
377 3745 572 3808 Κλυταιμνήστρη
592 3744 718 3806 δολόμητις
737 3747 807 3810 'App'
848 3751 877 3796 ut
899 3747 941 3796 elli
962 3751 1081 3796 structores
1099 3746 1200 3809 dieunt,
1221 3745 1374 3810 Dymantis,

281 3822 340 3881 tuot.
371 3821 581 3870 ‘Munitissimum
610 3827 694 3870 erstem
722 3817 807 3872 nrrdivl'
847 3823 943 3872 Priami
954 3835 1071 3886 uxorem,
1081 3821 1204 3874 Hectoris
1217 3829 1334 3885 matrem,
1345 3823 1374 3872 in

281 3909 372 3944 rocem
381 3893 478 3944 Priami
487 3893 546 3942 filiae
563 3894 721 3952 Cassandrus,
731 3909 807 3960 qrusm
832 3927 833 3930 =
847 3900 998 3948 servitutem
1010 3911 1069 3949 cum
1079 3897 1197 3956 duceret,
1207 3899 1253 3948 illa
1264 3897 1291 3948 ln
1311 3895 1374 3949 liel-

280 3969 377 4020 occldit
397 3970 596 4033 Clytaemnestra
612 3970 700 4019 dolose
721 3972 808 4034 Prope
847 3976 991 4037 lespoutmn
1003 3987 1072 4022 mure
1083 3987 1111 4022 se
1124 3973 1326 4038 precipitavit*

280 4045 340 4094 me!
878 4055 892 4082 ¹
911 4047 1005 4097 Cesum
1019 4045 1129 4112 emota]
1154 4047 1201 4097 Sic
1219 4047 1292 4112 Vlrg.
1320 4047 1374 4099 ‘Et

313 4127 322 4154 ¹
339 4120 449 4170 AEtlrum
459 4125 484 4170 et
495 4117 644 4184 Clymenen]
669 4121 711 4170 De
725 4121 755 4170 lis
766 4133 807 4170 su·
848 4123 933 4186 patric
950 4121 1145 4172 Andromachen
1160 4123 1256 4174 iterum
1267 4125 1375 4174 cessisse
1403 4159 1405 4164 ,

281 4194 368 4257 pertus
380 4195 487 4246 dietum.
505 4195 593 4246 AEthre
604 4195 661 4246 svis
671 4203 727 4248 eret
739 4196 807 4248 Aca·
848 4195 957 4246 marito!
