3136 4948
455 344 505 394 us
529 341 709 412 puerorum
735 345 844 394 nsum
868 345 1045 396 reorum.
1249 335 1292 400 ⁴7

157 541 159 548 Α
195 508 263 556 suo
276 489 374 572 operi
388 489 605 576 prescripsit,
620 505 765 572 eumque
781 487 880 554 finxit
899 489 1070 556 Idomenei
1084 489 1292 558 Cretensium

195 593 302 674 reguli
316 591 421 657 foisse
443 591 595 658 comitem
619 592 654 656 in
673 590 888 674 expeditione
908 611 930 656 a
945 591 1076 658 Graecis
1096 593 1131 656 in
1152 591 1292 677 Trojam

196 699 368 777 suscepta.
411 691 641 778 Utveroopns
654 693 719 758 boc
733 702 803 758 tom
815 697 971 776 specioso
981 695 1114 760 nomine
1129 701 1293 772 ornatum,

195 795 297 860 etiam
313 801 444 862 relatam
460 795 591 880 antiqui
616 795 704 860 odeo
727 796 877 860 auctoris
899 795 986 879 ipsis
1000 796 1106 862 veluti
1119 796 1228 862 oculis
1244 797 1293 860 in·

195 904 333 980 gereret,
342 898 481 982 scripsit
492 897 578 963 illud
592 897 716 963 ‘literis
725 895 1094 981 Punicis,'qualestunc
1105 905 1197 964 erent
1211 897 1293 964 1²oe-

194 1000 249 1064 nis
264 999 299 1063 in
314 1019 390 1077 uso,
406 1007 440 1066 et
454 999 612 1084 qualibus
623 999 780 1064 credebat
791 999 1042 1082 antiquissimos
1057 997 1200 1066 Grecos
1209 1000 1292 1068 elin

193 1119 289 1180 usos,
302 1103 384 1184 quia
399 1102 475 1166 illos
486 1101 604 1165 literas
618 1119 665 1164 ex
676 1098 852 1166 Phoenicio
866 1119 926 1184 per
938 1100 1102 1166 Cadmum
1116 1103 1295 1186 occepisse

194 1208 303 1280 norat,
313 1203 394 1268 licet
406 1201 545 1268 Punicae
561 1200 745 1268 Neroniani
757 1203 917 1286 temporis
929 1201 1036 1268 literae
1047 1203 1187 1266 multum
1203 1202 1295 1270 band

196 1304 298 1368 dubie
323 1309 460 1370 mutatos
481 1303 554 1388 jem
577 1308 688 1368 essent
704 1303 749 1370 ab
769 1304 847 1382 illis,
874 1323 958 1388 quas
979 1305 1057 1368 olim
1084 1303 1233 1370 Cadmus
1257 1306 1293 1370 in

194 1405 364 1472 Graeciam
386 1407 551 1472 intulerat.
596 1405 765 1472 Praeterea
786 1406 924 1488 scripsit
944 1406 1026 1472 illud
1048 1407 1084 1470 in
1108 1405 1295 1491 ‘Pallytis’

195 1530 256 1574 sen
281 1509 424 1586 ‘Tiliisf
447 1510 510 1574 hoo
538 1515 599 1587 est,
623 1508 679 1574 vel
701 1509 735 1572 in
755 1508 894 1572 tabellis
914 1507 1069 1586 tiliaeeis,
1090 1508 1133 1573 de
1152 1526 1293 1590 quarum

195 1611 335 1695 antiquo
350 1617 384 1676 et
398 1610 564 1694 frequenti
588 1631 650 1676 usu
673 1621 748 1676 ante
767 1611 932 1676 inventam
946 1629 1109 1694 papyrum
1129 1617 1165 1675 et
1187 1627 1293 1677 mern·

192 1714 329 1787 brenam
343 1727 591 1796 pergamenam,
606 1715 733 1796 egimus
748 1713 791 1778 ad
804 1713 985 1790 AElienum,
1001 1711 1085 1778 Ver.
1101 1711 1192 1778 Hist.
1210 1729 1293 1780 xrv.

193 1815 247 1881 12
290 1812 358 1878 Vel
373 1814 406 1878 in
420 1814 647 1880 voluminibus
663 1834 709 1878 ex
722 1815 822 1891 libro,
837 1833 895 1878 seu
912 1814 1068 1878 interidre
1083 1815 1197 1880 tunice
1208 1815 1294 1882 inter

194 1918 353 1984 corticem
368 1924 405 1982 et
419 1917 543 2000 lignum
563 1917 658 1993 tiliae,
672 1915 838 1993 formatis,
852 1915 886 1978 in
899 1915 1024 1998 quibus
1035 1921 1070 1980 et
1085 1916 1172 1998 ipsis
1187 1919 1294 2002 scrip-

193 2027 311 2084 serunt
322 2020 377 2085 vel
398 2020 546 2084 maxime
563 2017 806 2102 antiquissimis
827 2017 1049 2100 temporibus.
1093 2015 1184 2083 Vide
1200 2018 1293 2084 Vos·

196 2123 284 2187 sium
299 2121 343 2186 de
358 2120 439 2186 Arte
455 2121 640 2186 Grammat.
658 2137 682 2186 ι.
693 2120 749 2186 36.
778 2119 933 2201 Denique
945 2118 1041 2182 linxit
1055 2121 1294 2186 inventososse

191 2225 256 2290 bos
270 2223 400 2291 libellos
424 2221 459 2286 in
485 2222 643 2304 sepulcro
667 2220 759 2284 illius
782 2219 940 2300 Dietpos,
955 2219 1043 2300 quod
1073 2225 1168 2284 terrm
1191 2226 1294 2298 motu,

194 2344 293 2409 quem
317 2332 466 2389 senserat
492 2328 570 2386 tunc
596 2317 707 2395 Creta,
731 2317 914 2400 collapsum
944 2323 977 2380 et
1002 2325 1154 2401 apertum
1182 2319 1295 2386 fuerit.

193 2426 318 2510 Neque
331 2431 506 2492 caruerunt
522 2440 680 2488 successu
705 2437 768 2484 suo
788 2418 840 2484 hee
857 2423 944 2483 ortes
963 2426 999 2483 et
1022 2418 1175 2499 fraudes,
1190 2422 1295 2506 siqni-

193 2530 270 2596 dem
290 2550 358 2596 non
381 2529 455 2612 ipsc
478 2533 606 2591 tantum
638 2523 764 2588 Praxis
788 2523 925 2588 unctius
950 2521 994 2585 ab
1018 2521 1155 2598 Gaesare
1178 2525 1295 2592 retulit

193 2639 309 2717 caput,
324 2631 384 2697 sed
401 2639 436 2696 ct
450 2629 563 2714 ipsum
577 2627 640 2690 boc
656 2645 744 2710 opus
758 2625 861 2689 literis
877 2622 1008 2688 Graecis
1023 2642 1081 2688 sou
1096 2621 1222 2690 Atticis
1236 2625 1294 2691 de-

192 2737 364 2819 scripturn,
382 2740 543 2816 tanquam·
554 2728 732 2810 genuinum
758 2724 917 2807 ‘antiqui
937 2721 1025 2802 Viri,
1047 2725 1106 2808 qui
1129 2725 1218 2808 apud
1235 2727 1293 2792 lli·

192 2858 249 2902 um
271 2836 388 2915 luerat,
413 2831 687 2907 monumentum,'
712 2831 747 2894 in
763 2826 934 2912 publicam
952 2830 1032 2890 tnnc
1047 2825 1111 2890 fuit
1125 2835 1292 2910 receptum

194 2938 449 3013 Bibliothecam,
464 2935 560 3000 etita
582 2932 757 3015 vulgatum
778 2930 950 3012 deinceps,
966 2936 1003 2992 ut
1016 2926 1134 2993 Greeci
1153 2929 1293 2994 multum

195 3038 375 3106 sciuerint
390 3038 454 3115 usi,
475 3041 510 3102 ct
530 3054 592 3119 pro
613 3053 691 3099 vero
708 3029 934 3116 antiquissimi
957 3029 1103 3114 Diotyos
1119 3030 1295 3097 habuerint

193 3145 290 3215 foetu,
313 3143 411 3218 unde,
426 3149 466 3205 ut
480 3141 527 3204 ait
554 3138 720 3221 Prologus
736 3135 870 3220 Operis,
897 3133 1029 3198 ‘verior
1049 3129 1187 3215 Trojani
1213 3133 1295 3198 belli

195 3252 309 3312 textus
324 3241 524 3310 innotuerit.’

239 3364 341 3412 xxx.
366 3346 439 3412 Noc
455 3345 562 3410 miuus
577 3341 754 3424 magnifice
770 3341 813 3404 de
832 3359 873 3402 eo
898 3334 1008 3400 sensit
1023 3333 1219 3417 Septimius,
1235 3337 1294 3416 qui

194 3452 323 3517 idcirco
338 3445 503 3524 ‘auidus'
518 3453 554 3512 ut
569 3447 629 3523 ait,
654 3450 761 3510 ‘verae
785 3438 953 3506 bistoriae'
974 3437 1056 3502 illud
1080 3436 1199 3501 latine
1222 3455 1295 3503 ver-

194 3571 272 3621 sum
287 3570 349 3617 suo
373 3551 464 3634 stylo
486 3547 665 3632 explicuit,
681 3547 712 3609 si
736 3543 823 3608 fides
847 3540 1021 3625 Epistolae‘
1036 3539 1114 3604 huic
1135 3537 1295 3605 Versioui

194 3654 382 3742 praemissae
398 3661 454 3717 est
467 3649 630 3716 habenda.
674 3647 758 3712 Eum
776 3663 856 3710 vero
871 3644 1009 3726 derogat
1033 3642 1083 3708 illi
1110 3640 1134 3706 J
1135 3659 1186 3706 os.
1203 3639 1296 3706 Mer·

195 3777 301 3836 cerus,
319 3747 473 3839 ‘eamque
489 3751 678 3837 Epistulam
702 3745 880 3814 ‘omnino'
902 3745 1045 3811 affirmat
1065 3744 1205 3828 ‘nuperi
1220 3763 1296 3807 esso

197 3871 233 3928 et
247 3860 391 3946 imperiti
407 3852 683 3932 Grammatiooli,'
697 3842 887 3936 cum,quod
902 3847 945 3912 ad
962 3848 1101 3914 alteram
1115 3844 1295 3910 Prmtetio·

197 3985 286 4042 nem,
300 3983 361 4028 son
385 3961 580 4042 Prologum,
595 3978 660 4023 uon
686 3956 826 4032 dubitet,
840 3951 922 4036 quin
942 3951 988 4014 sit
1014 3949 1057 4013 ob
1077 3947 1155 4030 ipso
1179 3944 1295 4027 operis

197 4068 373 4150 scriptore,
391 4083 489 4148 quem
513 4061 548 4126 id
571 4079 665 4144 opus·
682 4077 748 4122 non
771 4075 816 4120 ex
830 4053 957 4119 Graeco
984 4050 1136 4124 vertisse,
1151 4045 1212 4110 sad
1228 4045 1294 4110 Lu·

195 4170 267 4240 tino
282 4185 434 4232 sermorm
449 4162 684 4248 composuisse
697 4155 880 4224 contendit.
902 4152 1079 4218 Posterius
1087 4148 1150 4212 boc
1162 4147 1296 4216 abunde
