3178 4948
482 371 675 420 nonnoso
699 373 869 422 caniano
894 377 965 425 nin.
989 379 1028 424 ιι.
1229 365 1294 428 ltt·

201 511 490 597 Maeandriomm,4
514 515 574 596 qui
596 515 724 579 domini
750 513 898 580 civitatis
927 517 1026 600 ejus,⁵
1048 519 1164 596 fideles
1189 527 1292 604 atque

200 613 395 700 amicissimi
409 615 507 679 nobis
522 615 567 680 ad
588 617 653 680 hoc
667 621 801 700 tempus
820 629 1079 699 permanserant.
1122 619 1204 703 [lt]
1227 623 1293 690 Ea·¹
1338 639 1341 646 ’

199 714 276 800 dem
292 717 675 798 tempestateoraculnm
692 716 831 802 Pythii⁰
847 718 978 794 Graecis
991 722 1160 803 perfertur,
1176 741 1293 788 conces

199 813 342 880 deudnm
352 816 395 880 ab
409 816 573 894 omnihus,
584 819 632 882 uti
641 838 700 902 per
709 818 928 884 Palamedem
937 819 1091 904 Apollini
1104 822 1292 888 Sminthioi’

199 915 400 980 sacrificium
408 917 639 984 exhiberetur:
654 939 731 1003 quae
741 940 797 984 res
807 922 921 986 multis
936 930 1030 1004 grata
1039 924 1083 988 ob
1094 923 1293 990 industrium

200 1021 234 1080 et
244 1035 388 1082 amorem
396 1017 470 1096 viri,
477 1037 576 1100 quem
586 1019 816 1084 circa'omnem
824 1023 1302 1105 exereitumexhibebatnou·,

198 1117 299 1181 nullis
313 1119 437 1182 ducum
451 1119 556 1190 dolori
571 1119 645 1182 fuit.
682 1118 835 1182 Ceterum
851 1121 1038 1184 immolatio
1051 1128 1184 1188 eentum
1195 1125 1296 1192 rioth.

197 1229 339 1297 marum,
357 1221 457 1284 sicuti
471 1219 668 1303 praedictum
683 1227 765 1297 erat,
783 1237 842 1302 pro
857 1229 978 1286 cuncto
992 1223 1140 1288 exercitu
1156 1225 1293 1290 exhibe-

195 1321 306 1396 batur,
315 1324 484 1402 praeeunte
495 1317 633 1403 chrysea
644 1321 711 1384 loci
723 1321 807 1404 ejus*
817 1320 1000 1386 sacerdote.
1023 1323 1159 1390 Interim
1169 1345 1203 1388 re
1213 1345 1291 1409 cog·

196 1422 268 1486 nita
282 1419 482 1498 Alexander,
500 1428 697 1502 congregata
711 1427 911 1486 armatorum
926 1442 1039 1502 mann,
1054 1425 1098 1489 ad
1113 1426 1291 1508 prohiben-

198 1522 277 1586 dum
291 1520 380 1584 venit
389 1540 398 1606 ς
409 1539 485 1610 eum
495 1521 562 1584 duo
577 1519 725 1604 Aiaces,⁶
741 1523 934 1606 priusquam
944 1525 985 1587 ad
1003 1525 1162 1607 templum
1174 1545 1291 1610 appro-

196 1625 380 1712 pinquaret,
391 1620 572 1686 interfectis
587 1623 739 1705 plurimis
753 1623 921 1705 fugavere.
944 1625 1010 1688 Sed
1022 1625 1179 1709 Chryses,
1192 1646 1290 1710 quem

198 1724 408 1788 sacerdotem
432 1723 588 1788 Sminthii
611 1723 784 1806 Apollinis
811 1726 1096 1809 supradiximus,
1118 1730 1291 1811 utriusque

198 1825 364 1890 exercitus
390 1823 572 1888 offensam*
594 1829 754 1904 metuens,
785 1828 957 1909 qnisque⁷
980 1827 1124 1910 partium
1150 1827 1193 1890 ad
1215 1848 1291 1892 eum

670 2021 729 2042 ΜΝ
731 2020 833 2043 ΙΙΙΙΙΙΙ

192 2150 389 2214 perculsae-t
410 2151 418 2180 ‘
432 2150 536 2212 Cillam,
547 2151 676 2210 Catanen,
688 2151 818 2200 Neandroa
829 2152 942 2214 junctim
952 2155 1078 2200 memorat
1089 2150 1201 2211 Plinius,
1212 2163 1238 2200 v.
1250 2153 1291 2198 8⁰.

197 2217 238 2264 Ex
250 2215 388 2278 Stephano,
401 2228 473 2274 vero,
483 2216 603 2264 Toronen
617 2215 643 2264 in
659 2215 773 2278 Troade,
791 2216 905 2278 itemque
917 2216 1066 2264 Neandriors
1077 2214 1131 2262 sire
1144 2213 1292 2262 Nemeam

195 2277 277 2328 fuisse
289 2285 402 2328 constat.
435 2279 485 2330 Qui
501 2279 646 2328 Neandrium
656 2279 735 2328 etiarn
748 2277 858 2327 subinde
868 2279 997 2342 corrumpi
1009 2277 1202 2340 ascriptoribus
1219 2286 1291 2325 trota-

197 2343 236 2394 vit
253 2343 283 2406 in·
298 2343 451 2392 Leandrium.
485 2342 579 2392 Strabo
600 2349 628 2392 et
646 2343 739 2406 Scylax
753 2342 883 2391 Neandria
901 2341 1038 2390 Cebreuen
1053 2341 1181 2403 jungunt:
1199 2341 1223 2388 in
1242 2355 1291 2404 qua

196 2406 326 2455 nominum
340 2407 466 2455 varietate
478 2406 634 2455 tutissimum
646 2408 728 2455 risum
744 2414 785 2454 est
797 2405 839 2454 hic
851 2405 914 2454 amit
925 2411 1034 2454 mutare.
1069 2403 1141 2452 Med.
1153 2413 1180 2452 et
1198 2405 1291 2452 Vener.

197 2483 246 2534 pro
258 2470 444 2519 Moeuadriontm
455 2470 579 2520 exhibent
590 2468 786 2520 Meuadriorum!
803 2469 980 2519 Obrecht-6
998 2471 1093 2518 Venet.
1105 2469 1167 2517 Cod.
1180 2468 1220 2530 qai
1237 2479 1292 2515 eoa·

197 2534 295 2584 termini
303 2536 349 2583 rio.
359 2535 468 2595 eim-6
483 2535 660 2598 Delphorum
670 2535 763 2598 quidem
773 2532 858 2596 Ahcee
869 2536 971 2584 duee-⁷
989 2533 1082 2596 Delph.
1093 2533 1206 2596 rameii.
1228 2533 1292 2580 Vin·

537 2683 565 2772 J
664 2765 667 2768 a,
690 2709 796 2762 noun

229 2839 240 2864 ⁰
257 2830 385 2880 &midam
396 2827 494 2892 Pythii]
518 2826 644 2890 Apollinis
656 2827 723 2876 seili-
764 2839 818 2876 rem
837 2837 907 2876 aram
925 2826 1040 2890 Chrysa,
1056 2825 1101 2878 ubi
1119 2840 1178 2878 eum
1195 2825 1291 2876 sacrifi·

197 2913 250 2956 cet.
284 2905 319 2956 Et
330 2905 459 2954 oraculum
471 2902 536 2952 illud
546 2901 628 2952 fuisse
640 2902 724 2965 ruspi-
764 2908 869 2952 cessent
880 2901 979 2964 Graeci,
995 2899 1110 2952 futurum
1122 2909 1179 2951 erat
1189 2909 1218 2952 ut
1234 2901 1292 2952 hos·

197 2995 252 3037 cor,
261 2994 312 3045 qno
323 2979 424 3030 Graecis
433 2978 586 3048 edieehstnr
595 2993 638 3028 eos
647 2977 724 3028 Ilium
764 2976 829 3025 tium
840 2977 996 3040 potirentur,
1012 2978 1050 3026 sin
1061 2989 1131 3040 vero,
1139 2976 1237 3028 frustra
1248 2991 1290 3026 co·

196 3059 250 3108 n'on
274 3063 351 3106 antea
370 3068 518 3110 eversuros,
545 3067 622 3118 quam
647 3065 725 3115 snpra
765 3059 839 3124 actus
852 3052 1002 3103 exereitus?
1190 3093 1193 3096 .
1292 3059 1294 3064 ·

198 3128 303 3194 Chrysa
322 3143 392 3180 aram
413 3127 613 3178 sacrificassent.
647 3125 725 3178 Quod
804 3125 940 3189 PApolliai
962 3126 1093 3188 Smintiio]
1121 3127 1164 3174 Sic
1184 3126 1254 3174 dicto
1276 3141 1292 3174 a

197 3221 230 3256 ex
240 3229 242 3232 ·
252 3205 332 3270 ipsius
347 3205 518 3256 Philoctetae
540 3201 627 3250 verbis
648 3199 724 3250 facile
764 3199 888 3256 muribus,
907 3200 952 3263 qui
970 3199 1139 3249 Cretensibus
1149 3199 1213 3250 dicti
1226 3200 1292 3259 cpia·

196 3280 312 3345 eolliges,
342 3278 412 3342 apud
439 3279 549 3328 Dionem
573 3277 724 3339 chrysosto*
764 3281 808 3326 θοι.
836 3275 918 3338 Hujus
930 3275 1086 3336 cognominis
1099 3274 1222 3328 rationem
1233 3276 1292 3324 vide

195 3369 275 3416 mum,
300 3354 343 3418 qui
363 3367 396 3402 ex
418 3351 549 3414 Euripidis
570 3351 724 3400 Philocteta
766 3348 932 3412 apndstrab.
944 3360 1011 3396 xrrr.
1030 3356 1058 3396 et
1077 3349 1198 3397 Eustath.
1218 3349 1292 3398 ltu.

195 3429 294 3483 fabula,
311 3443 368 3491 qua
378 3423 453 3474 hodie
466 3439 516 3474 unu
529 3431 612 3484 extat,
623 3424 724 3474 Philoc-
766 3425 891 3487 templum
911 3421 1039 3484 Apollinis
1062 3422 1179 3472 Sminthii
1198 3422 1246 3472 fuit
1266 3424 1292 3472 in

196 3501 277 3552 t'etem
288 3514 347 3550 cnm
355 3499 449 3560 Ulysse
461 3499 568 3546 absente
579 3499 725 3560 colloquen·
766 3501 866 3560 Chrysa
876 3494 985 3544 Troadis
1002 3495 1076 3555 urbe,
1093 3500 1120 3544 et
1138 3495 1164 3542 iu
1180 3497 1292 3547 Tenedo.
1367 3527 1373 3532 -

195 3585 250 3627 tem
267 3574 384 3624 inducit:
401 3570 494 3633 Ὥσπερ
505 3571 588 3629 ἀμέλει
601 3569 660 3628 κάμὲ
679 3569 725 3630 lei·
767 3574 807 3622 De
819 3570 898 3634 priori
911 3568 1023 3632 loquitor
1034 3570 1138 3632 Dictys.
1201 3617 1227 3626 ,,
1289 3601 1293 3619 .

196 3657 286 3714 opums
298 3647 356 3710 ὑπὲρ
374 3648 418 3704 τῆς
436 3647 514 3704 κοινῆς
525 3645 640 3707 σωτηρίας
650 3663 676 3694 τε
687 3645 726 3694 καὶ
799 3653 811 3688 l
829 3643 928 3708 Chryse]
945 3645 1049 3708 Deque
1061 3645 1168 3697 Homer.
1181 3647 1214 3699 ll·
1223 3655 1253 3696 A.
1289 3677 1292 3686 .

197 3726 261 3784 riam
287 3720 444 3786 repererim
469 3721 526 3778 τῆδε
552 3723 585 3784 τῇ
612 3722 727 3786 ξυμφορᾷ,
799 3719 952 3782 lampas]
969 3719 1075 3784 Chrysae
1086 3721 1164 3770 urbis.
1289 3761 1293 3776 ,.

198 3800 319 3852 δεικνύντα
327 3799 371 3848 τὸν
378 3797 472 3860 Χρύσης
480 3794 569 3856 βωμὸν,
579 3794 606 3844 οὗ
616 3795 727 3869 hedure
799 3806 808 3830 ¹
828 3799 957 3860 Utriusque
974 3799 1091 3846 exercitur
1108 3799 1242 3862 officinam]¹
1260 3802 1293 3851 ld

198 3875 322 3942 κρωήσειν
333 3873 435 3935 ἔμελλον
452 3875 506 3920 τῶν·
517 3871 644 3934 πολεμίων,
662 3871 683 3922 ri
701 3871 727 3922 δὲ
767 3882 825 3924 esti
843 3871 965 3924 offensam
984 3887 1059 3936 quam
1076 3871 1173 3922 inferre
1189 3881 1302 3936 poterat¹

188 3947 600 4014 ,phpdrnrlyipneror‘rorprlraa
627 3949 726 3999 idest:
767 3958 876 4021 uterque
888 3949 1038 3998 exercitus.
1063 3947 1107 3996 Ita
1119 3949 1188 4020 aprrd
1202 3949 1293 4000 Horat.

197 4029 319 4091 ‘Quippe
332 4033 404 4076 certe
415 4033 443 4075 et
455 4041 494 4076 me
513 4025 665 4089 exposuisti,
683 4025 727 4088 qui
766 4025 877 4074 ‘virinus
906 4021 1036 4084 Achillei,'
1062 4035 1118 4084 pro,
1140 4024 1232 4072 vulture·
1259 4028 1291 4076 ab

200 4115 248 4166 pro
265 4103 391 4152 communi
411 4103 494 4150 salute
507 4108 534 4150 et
546 4102 655 4150 victoria
669 4100 727 4150 hnic
767 4099 867 4150 Achille
879 4099 999 4150 illatum..
1021 4097 1071 4144 Vel
1092 4097 1176 4158 potins
1195 4107 1292 4148 utrum-

200 4178 341 4228 calamitati
360 4177 510 4239 incideram,
530 4191 589 4226 cum
607 4176 726 4226 ostende·
767 4191 817 4240 que
830 4176 973 4234 exereitum
985 4170 1115 4222 offendere
1128 4182 1251 4244 metpeps.
1273 4188 1275 4192 ’
