3152 4950
290 353 361 425 284
387 353 394 368 '
447 329 449 337 '
645 364 804 414 orsurus
827 364 1036 416 eearnnsrs

292 518 369 580 ante
385 509 525 578 Helenes
539 511 671 591 raptum
687 514 855 592 nupserat,
866 503 1047 576 necessarii
1058 508 1111 572 sui
1126 507 1176 572 nti
1191 507 1388 590 sepeliretur

292 611 466 694 perierunt.
510 608 578 674 Sed
599 608 702 680 fertur
724 609 894 674 OEnonem
914 609 991 688 piso
1013 609 1176 678 cadavere
1198 607 1388 680 Alexandri

293 711 377 778 adeo
392 714 604 781 commotam,
626 711 677 780 uti
697 712 825 776 amissa
844 713 952 778 mente
967 707 1214 792 obstupefieret,
1237 729 1280 778 ao
1293 711 1390 792 paul·

292 812 387 878 letim
412 831 471 894 per
484 808 681 877 rtriierorerub
702 810 875 877 deficiente
898 811 1010 877 animo
1029 809 1230 876 eoncideret.
1275 807 1389 892 Atque

293 915 341 977 ita
375 933 442 976 uuo
478 913 664 995 eodemque
701 911 815 976 sunere
850 931 925 978 eum
963 911 1158 977 Alexandro
1192 909 1390 991 contegitur,

293 1013 375 1096 [22]
401 1012 554 1086 Ceterum
583 1011 734 1094 TroJani‚
759 1012 820 1076 ubi
848 1012 954 1076 hostis
979 1011 1085 1081 nuris
1115 1009 1255 1080 infestos
1282 1009 1399 1090 megia,

294 1114 466 1196 magisque
483 1113 716 1196 saeviensque
735 1113 806 1196 jum
821 1113 1001 1180 resistendi
1015 1112 1183 1178 moeoibus
1206 1129 1284 1192 spes
1306 1109 1390 1174 ulie·

294 1215 364 1280 rius
380 1223 443 1290 est,
466 1221 527 1276 aut
542 1213 628 1278 vires
643 1213 766 1288 valent,
791 1213 905 1278 cuncti
928 1230 1088 1296 proceres
1111 1209 1313 1280 seditionem
1329 1206 1390 1278 ad·

294 1335 411 1380 versus
441 1315 611 1392 Priamum
637 1314 822 1392 extollunt,⁰
844 1321 949 1396 atque
971 1311 1045 1396 ejus
1070 1311 1221 1393 regulos:
1249 1309 1391 1390 deniqne

297 1415 406 1480 accito
422 1414 531 1480 AEuea
543 1415 689 1498 filiisque
699 1415 890 1492 Antenoris,
904 1415 1084 1483 decernunt
1098 1413 1183 1482 inter
1197 1431 1246 1486 se,
1255 1409 1304 1475 uti
1318 1407 1392 1474 fle-

296 1515 467 1580 lenaeum
489 1515 543 1580 his
566 1535 644 1596 quae
669 1516 783 1580 ablata
805 1521 901 1584 erant
922 1515 966 1580 ad
992 1513 1183 1584 Menelaum
1204 1511 1391 1582 duceretur,

298 1613 400 1692 Quod
430 1623 611 1698 postquam
642 1615 841 1698 Deiphobus
871 1614 1050 1697 cognovit„
1067 1614 1257 1680 traductam
1284 1609 1327 1674 ed
1356 1627 1392 1683 to

299 1715 460 1782 Helenam
488 1717 700 1782 matrimonio
726 1717 791 1782 sibi
815 1713 994 1800 adjungit.d
1037 1715 1195 1784 Ceterum
1208 1714 1392 1794 -ingressus

793 1914 899 1966 NorAE

299 2075 364 2126 tari:
382 2072 469 2122 ‘ferre
486 2071 576 2121 fnuus’
595 2072 714 2138 alicujus,
730 2073 776 2124 ‘ut
788 2089 827 2124 se·
869 2075 994 2140 siquidem
1015 2075 1117 2124 OEnone
1134 2073 1255 2123 medendi
1274 2057 1394 2121 cauendi·

299 2149 430 2214 pellatur!
455 2147 594 2198 Alexandri
605 2147 683 2198 finnus
692 2149 768 2206 dicit,
780 2163 827 2213 pro
868 2163 919 2212 que
938 2157 1020 2200 artem
1040 2150 1171 2200 callebat:
1191 2163 1258 2212 qna»,
1279 2145 1323 2196 ubi
1339 2148 1393 2210 jain

298 2225 434 2276 cadauere·
867 2241 926 2276 enm
943 2227 1040 2278 obiisse
1060 2227 1167 2290 reperit,
1184 2225 1234 2280 sibi
1254 2224 1395 2287 laqueari·

330 2301 709 2364 blcpaaiatimpermoererem]
728 2301 826 2351 Hiclo·
868 2301 1033 2357 tamfinivitl
1067 2303 1120 2352 Ubi
1137 2299 1394 2364 illa,‘medendiea·

231 2396 234 2405 ¹
299 2392 343 2426 cus
361 2375 460 2424 iudicat
480 2376 557 2424 alium
577 2389 632 2424 esse
650 2377 717 2424 hune
729 2376 826 2440 Dietyn
867 2378 995 2441 nendique
1006 2383 1089 2427 artem
1101 2376 1230 2438 ealiehst‚’
1246 2376 1309 2425 mihi
1322 2375 1394 2424 modo

299 2453 333 2501 ab
342 2465 382 2509 eo,
393 2465 469 2514 quem
482 2451 568 2500 Graeci
577 2450 699 2520 habuere,
717 2451 827 2500 Taetres
849 2461 856 2476 ·
867 2453 1016 2516 scrupulum
1027 2453 1155 2516 injiciunt,
1169 2453 1194 2500 in
1206 2453 1303 2502 Grarea
1314 2452 1394 2514 serip-

299 2529 325 2576 in
343 2525 459 2590 Lycoph.
487 2523 676 2583 Τελευτήσαντος
691 2525 711 2573 δ’
729 2525 826 2589 ἐκείνου,
869 2527 1307 2592 ῑυω,ἰιτρυὼνοωὶμουσικῂνῆωει.
1325 2527 1395 2582 Doe-

299 2601 339 2650 nul
355 2601 441 2658 ἑαυτὴν
457 2602 596 2663 moueat,
606 2599 621 2658 ἡ
632 2599 694 2650 κατὰ
705 2600 749 2648 τὸν
759 2605 828 2656 Koir-
868 2604 980 2654 tissimus
991 2605 1145 2652 Meziriaeua
1163 2602 1277 2666 legebat,
1293 2598 1396 2664 μαγικὴν

299 2695 341 2726 τον
352 2678 438 2736 ἑαυτὴν
456 2677 593 2737 ἐμβαλοῦσα
611 2675 643 2726 eis
660 2677 706 2734 τὴν
719 2677 828 2740 Ἀλεξάν-
869 2675 1048 2742 proponerem.
1077 2677 1159 2726 Pater
1170 2693 1242 2726 meus
1253 2678 1396 2726 eruentissi-

220 2755 222 2759 “
301 2751 448 2814 epompio.
462 2751 478 2808 ἡ
492 2749 554 2800 κατὰ
569 2749 614 2800 τὸν
628 2751 717 2800 Δίκτυν
731 2751 829 2816 βρόχοις
868 2767 924 2804 mur
939 2753 1002 2802 uihii
1020 2752 1156 2813 mutabat3
1173 2753 1271 2801 mruiea
1282 2753 1351 2802 euim
1363 2751 1396 2800 ad

300 2825 828 2891 draxtelue.‘Mortuoautemdlexandim
869 2828 1069 2882 incantationem
1087 2829 1229 2889 vulsrermn,
1249 2827 1289 2876 διὰ
1307 2827 1397 2889 lupinis

301 2901 402 2950 OEuone
411 2901 525 2962 seipsam
533 2899 675 2964 interiecit,
682 2903 829 2964 vel‚secao·
870 2905 982 2960 seilicet.
1008 2904 1229 2968 Virg.‘Graviter
1238 2903 1396 2968 spirantibus

301 2977 363 3024 dum
375 2976 506 3036 comtum,
518 2977 636 3039 seipsam
648 2978 674 3025 iu
684 2977 829 3028 Alexandri
867 2979 965 3042 hydris,
976 2980 1107 3042 Spargere
1118 2995 1174 3043 quae
1193 2978 1295 3027 somnos
1307 2985 1396 3026 cantu·-

237 3055 238 3060 ’
290 3051 391 3114 'rogum
403 3051 532 3114 injiciens,
547 3053 597 3113 vei,
614 3053 755 3102 seeundum
769 3055 830 3104 Dic·
868 3053 1184 3119 quemanuqnesolebat.’
1209 3054 1396 3116 Egoveronec

300 3134 357 3189 tyn,
375 3141 403 3175 se
423 3127 507 3190 ipsum
526 3125 629 3177 funibus
647 3129 831 3193 strangulans!
866 3138 942 3179 reete
960 3129 1112 3178 emendasse
1134 3128 1303 3176 Meziriaeum
1325 3133 1396 3189 puto,

302 3201 422 3256 cniatunr
443 3209 549 3254 secretos
569 3203 603 3254 Q.
623 3203 743 3256 Calaber.
776 3203 829 3255 Sed
868 3217 917 3257 aee
927 3211 997 3258 recte
1005 3211 1199 3266 patremmeum
1209 3203 1338 3264 animiam
1346 3201 1398 3250 iee-

301 3277 396 3340 Dietpn
405 3276 529 3329 Graecum
538 3275 688 3339 Apollodor.
698 3278 831 3332 cedrenus
868 3279 964 3330 tionem
977 3279 1122 3331 retinuisse.
1150 3279 1186 3328 Et
1198 3277 1264 3329 haue
1276 3289 1359 3326 meam
1372 3290 1398 3326 e·

301 3361 328 3402 et
340 3353 438 3404 Conon.
470 3353 521 3401 Sed
531 3351 683 3416 Apollodor.
692 3363 719 3404 et
730 3355 830 3416 Conon,
869 3354 1058 3406 mandationem
1075 3354 1231 3404 verissimam
1251 3365 1308 3401 esse
1331 3353 1396 3406 exie·

302 3426 832 3484 AlexandrumaPhiloetetsnooenanino
870 3431 943 3480 timo.
976 3431 1047 3492 Lago
1070 3429 1137 3477 enim
1157 3427 1275 3490 φυσικήνι
1293 3435 1330 3494 nt
1341 3427 1396 3490 phu

302 3507 426 3566 occisum,
444 3505 490 3554 sed
509 3507 670 3558 vulneratum
688 3514 781 3570 postea
793 3509 830 3556 io·
869 3507 949 3556 semel
966 3507 1032 3556 hano
1051 3506 1091 3554 vei
1110 3505 1179 3556 illam
1197 3517 1287 3556 rocem
1303 3517 1350 3566 pro
1361 3503 1397 3552 al·

303 3584 413 3632 terilsse.
430 3583 546 3634 Itaenim
553 3583 726 3646 apollodor.
736 3585 830 3636 'Alex-
869 3589 925 3636 tera
935 3582 1002 3646 apud
1015 3581 1126 3644 optines
1135 3581 1276 3643 scriptores
1288 3579 1396 3642 positam

302 3659 383 3710 ander
393 3657 494 3718 sagittis
511 3655 632 3708 Herculis
650 3671 665 3706 a
684 3658 831 3712 Philoctete
869 3658 920 3722 legi
932 3673 938 3706 ε
952 3657 997 3708 sed
1010 3656 1146 3709 redeamus
1158 3655 1183 3708 in
1196 3655 1273 3706 viam.
1308 3654 1396 3705 Conon

302 3733 433 3785 sanciatus
445 3732 471 3780 in
484 3730 557 3780 Idam
569 3731 601 3782 ad
611 3733 737 3786 OEnooern
748 3747 831 3786 reme·
869 3732 1028 3794 Apollodoro
1038 3745 1084 3793 per
1095 3729 1244 3782 omniafere
1253 3731 1396 3790 consentin

302 3810 372 3858 avit:
392 3814 446 3858 turn
459 3807 660 3870 illainjuriarum
672 3821 769 3858 mernor
780 3809 831 3859 Pa·
868 3807 942 3858 illurn
952 3806 1011 3854 vide
1023 3807 1169 3856 narratione
1179 3807 1220 3858 23.

302 3884 384 3934 tidem
396 3897 487 3935 curare
499 3884 567 3936 nelle
579 3880 696 3931 affirmat.
717 3880 831 3933 Alexan·
902 3879 1062 3942 ceratias]
1072 3872 1396 3944 ldese‘rnoreotssilr'aree

304 3959 351 4007 der
359 3959 446 4016 igitur,
456 3971 514 4005 cum
527 3956 552 4004 iu
563 3957 666 4018 'l'rojnm
678 3955 829 4018 referretur,
869 3955 1033 4018 ἀναιροῦνταις
1050 3953 1164 4021 proprie.

304 4032 436 4082 oenubnit.
475 4031 539 4080 Mox
558 4030 670 4092 OEnone‚
690 4045 767 4094 quarn
785 4033 829 4084 de·
901 4029 1085 4083 dliduit-imonis
1104 4029 1150 4078 riti
1166 4025 1292 4094 adjungit]
1317 4028 1395 4092 hyce-

304 4111 424 4154 trectatne
436 4105 543 4153 medelas
556 4104 722 4168 poenituerat,
731 4107 764 4159 ad
777 4109 831 4158 rulo
869 4106 950 4168 pirron
962 4105 1010 4166 uit,
1018 4104 1182 4166 Deiphobum
1193 4101 1298 4157 ueiens
1306 4103 1334 4155 in
1346 4101 1394 4154 fot·

305 4192 353 4233 our
369 4180 508 4235 eurardum
528 4179 663 4243 marinaeo
679 4181 830 4245 deferebam
869 4180 987 4234 titudinis
1002 4177 1138 4245 praemium
1160 4178 1283 4234 donatam
1302 4175 1394 4245 sitisses
