3136 4948
295 418 339 481 16
736 429 942 477 nnmnrrro.

297 573 491 637 Phoenlceis
520 571 648 634 literis:
680 589 755 651 quae
777 571 846 653 jam
871 588 1023 633 reversus
1051 569 1162 634 senior
1182 570 1216 632 in
1239 569 1386 650 Cretam,

295 676 454 757 praecepit
482 673 622 736 moriens
653 679 689 734 ut
718 690 829 734 secum
859 668 1104 752 sepelirentur.¹
1130 669 1249 751 ltaque
1272 680 1310 735 ot
1331 675 1387 736 ille

291 775 454 858 jusserat,
467 779 667 836 memoratas
681 772 783 847 tilias,
793 773 827 834 in
839 778 975 834 stannea
990 769 1104 833 arcula
1118 771 1296 851 repositas,
1311 773 1389 856 ejus

295 877 422 938 tumulo
436 875 661 938 condiderunt.
706 871 829 936 Verum
845 873 970 936 secutis
993 869 1209 952 temporibus,
1230 872 1386 935 tertiode-

296 977 384 1039 cimo
408 995 495 1038 anno
513 974 660 1038 Neronis
680 971 824 1052 imperii,
837 971 871 1032 in
885 969 1007 1034 Gnoso
1022 969 1157 1034 civitate
1176 977 1384 1035 terraemotus

295 1077 388 1151 sacti,
401 1095 475 1139 curn
492 1075 605 1150 multa,
621 1081 693 1136 tum
715 1073 814 1135 etiam
835 1072 1020 1151 sepulcrum
1040 1070 1162 1152 Dictys
1186 1070 1235 1134 ita
1259 1072 1386 1152 patefe-

295 1181 419 1252 cerunt,
434 1181 470 1238 ut
496 1194 518 1238 a
535 1171 780 1236 transeuntibus
795 1171 910 1234 arcula
930 1171 1104 1234 viseretur.
1147 1169 1308 1234 Pastores
1324 1173 1387 1236 ita·

296 1295 361 1358 que
386 1280 628 1356 praetereuntes
649 1289 725 1333 cum
739 1271 825 1332 banc
851 1269 1026 1346 vidissent,
1041 1269 1229 1332 thesaurum
1244 1271 1321 1348 rati,
1337 1293 1386 1334 se-

295 1375 414 1458 pulcro
435 1373 661 1436 abstulerunt:
684 1377 718 1434 et
740 1377 856 1452 aperta
878 1391 921 1434 ea
944 1372 1139 1434 invenerunt
1157 1370 1247 1434 tilios
1268 1372 1386 1455 incog-

295 1475 377 1537 nitis
392 1474 459 1536 sibi
473 1473 581 1536 literis
597 1471 830 1553 conscriptas:
853 1472 1081 1552 continuoque
1106 1469 1149 1534 ad
1172 1489 1268 1552 suum
1282 1472 1387 1536 domi-

295 1595 371 1638 num
381 1572 610 1654 Eupraxidem
626 1571 791 1654 quendam
806 1571 938 1634 nomine
950 1570 1175 1652 pertulerunt:
1191 1571 1248 1652 qui
1257 1573 1388 1655 agnitas

294 1693 447 1756 quaenam
480 1679 592 1736 essent
621 1672 734 1735 literas
764 1671 896 1734 Rutilio
920 1669 1011 1734 Rulo
1035 1670 1126 1733 illius
1154 1671 1272 1738 insuloe
1307 1680 1387 1740 tunc

296 1773 492 1838 Consularig
517 1773 647 1842 obtulit.
692 1770 753 1834 llle
772 1790 846 1834 cum
870 1769 1065 1852 Eupraxide
1084 1769 1127 1834 ad
1145 1770 1312 1836 Neronem
1328 1774 1387 1854 ob-⁴

295 1875 364 1938 lata
387 1874 453 1938 sibi
479 1873 669 1951 transmisit,
684 1871 884 1934 existimaus
909 1869 945 1934 in
967 1870 1019 1933 his
1041 1869 1193 1950 quaedam
1208 1873 1389 1938 secretiora

297 1975 474 2040 contineri.
518 1973 607 2036 Haeo
633 1978 745 2035 antem
772 1991 848 2035 cum
872 1971 968 2038 Nero
995 1971 1197 2052 accepisset,
1226 1973 1388 2038 advertis·

296 2081 416 2157 setque
432 2075 578 2138 Punicas
593 2094 670 2137 esse
684 2075 808 2150 literas,
822 2073 937 2136 barum
961 2073 1092 2155 peritos
1110 2071 1153 2135 ad
1178 2091 1215 2136 se
1236 2077 1388 2140 vocavit:

295 2175 444 2258 quicum
457 2175 637 2251 venissent,
646 2175 852 2256 interpretati
868 2181 943 2236 sunt
958 2173 1082 2235 omnia.
1126 2171 1279 2256 Cumque
1296 2161 1389 2239 Nero

293 2275 520 2356 cognovisset,
536 2275 667 2357 antiqui
683 2275 757 2349 viri,
774 2275 833 2356 qui
857 2273 948 2354 apud
973 2271 1073 2338 Ilium
1089 2271 1209 2349 fuerat,
1223 2272 1299 2338 haec
1313 2295 1388 2338 esse

294 2381 516 2451 monumenta,
527 2373 630 2456 jussit
655 2375 689 2436 in
704 2372 863 2436 Graecum
889 2389 1077 2436 sermonem
1097 2372 1163 2434 ista
1177 2375 1364 2439 transferri:
1378 2375 1391 2413 ¹¹

294 2563 403 2612 eundern
423 2579 555 2612 numerum
575 2579 703 2621 servasse,
719 2571 747 2612 et
761 2566 821 2613 reri·
862 2571 1000 2628 peratore;
1017 2565 1066 2614 hcc
1077 2569 1187 2625 certum,
1202 2564 1391 2626 plorermngis·

295 2637 345 2686 dua
357 2647 466 2701 quatuor
478 2640 511 2686 de
525 2639 609 2688 reditu
625 2641 776 2688 Graecorum
795 2641 822 2690 in
863 2647 947 2689 tratur
964 2641 1013 2689 hoe
1030 2637 1281 2702 nominepraefeetor
1296 2640 1391 2691 econ-

295 2727 372 2762 onum
382 2714 522 2778 redegisse.
555 2715 608 2764 Ubi
621 2716 678 2764 vide
688 2731 744 2779 qnae
752 2717 823 2766 diota
863 2705 976 2766 rranttno
988 2715 1075 2779 parvis
1086 2721 1114 2764 et
1125 2715 1223 2778 pacatis
1235 2714 1392 2776 provinciir3

294 2793 364 2836 sunt.
627 2852 629 2856 .
807 2843 814 2848 ,
863 2791 889 2838 in
909 2791 940 2840 iis
960 2791 1048 2840 Creta.
1084 2789 1187 2838 Notitir
1197 2789 1309 2852 imperii.
1325 2791 1393 2838 Mer·

325 2861 335 2894 ¹
350 2865 381 2912 Ia
399 2864 465 2912 tilios
483 2865 594 2928 digerrit]
613 2865 721 2928 Antiqui
738 2879 770 2913 er
782 2880 825 2916 ere
842 2923 846 2932 ¹
863 2882 909 2914 rer.
943 2867 1036 2930 Neque
1058 2879 1146 2914 verum
1167 2871 1209 2916 est
1226 2864 1258 2913 ab
1276 2863 1392 2922 Adriano

293 2938 409 3000 boribus,
421 2941 564 3000 prasertim
577 2955 591 2988 e
603 2941 660 2989 tilia
671 2942 773 3000 arbore,
784 2948 821 2989 ta·
864 2949 963 2990 tantum
985 2947 1012 2990 et
1030 2954 1046 2988 a
1065 2940 1235 2990 Constantino
1256 2939 1392 2988 institutos

293 3011 375 3061 bellas
395 3013 577 3072 conficiebant,
597 3015 688 3078 quibus
709 3029 768 3064 cern
780 3031 820 3063 ru·
859 3015 938 3066 fuisse
949 3017 1106 3076 consolarer,
1117 3015 1161 3080 qui
1172 3029 1203 3064 eo
1214 3015 1315 3063 nomine
1333 3029 1392 3077 pro·

294 3087 455 3150 perinduetis
464 3089 500 3136 ita
509 3089 820 3150 stytoacutoscribebnnt.
860 3091 960 3143 vincias
974 3095 1104 3154 regerent,
1122 3089 1219 3152 quippe
1231 3089 1287 3138 hec
1298 3089 1392 3137 divisio

295 3163 330 3230 Et
342 3162 409 3224 qnod
420 3163 462 3211 hic
474 3163 542 3212 tiliae
551 3173 627 3212 vocat
639 3171 738 3222 auctor,
755 3163 821 3212 inira
859 3166 1061 3229 provinciarum,
1070 3165 1098 3213 in
1110 3165 1265 3214 Consulares
1282 3171 1309 3214 et
1326 3164 1392 3213 Pro·

293 3235 434 3298 Septimius
446 3237 575 3286 Romanus
586 3239 612 3286 in
628 3239 736 3300 epistole
749 3245 823 3286 voert
861 3242 1018 3300 consolarer,
1037 3245 1098 3288 ante
1120 3239 1319 3288 Constantinum
1341 3239 1393 3289 tuit

294 3308 417 3371 phylirss,
428 3312 487 3374 quia
501 3312 556 3359 titia
570 3312 593 3359 in
603 3313 823 3374 tenuissimesplri-
861 3315 886 3363 in
899 3330 955 3375 uso,
966 3320 995 3363 et
1006 3313 1039 3362 ab
1057 3314 1114 3376 ipso
1130 3311 1248 3377 Atrgrrsto
1265 3310 1393 3386 instituti,

292 3383 361 3446 lyras
382 3399 429 3433 aco
448 3379 625 3448 reparabatur,
641 3394 668 3435 ot
681 3387 712 3433 de
725 3401 822 3450 papyro
862 3389 905 3453 qui
921 3391 947 3436 in
960 3387 1105 3452 provincias
1117 3402 1176 3436 ruas
1190 3403 1253 3452 quas
1267 3388 1324 3452 ipre
1340 3389 1391 3438 sibi

293 3459 386 3508 scribit
408 3459 478 3508 Plin.
509 3461 717 3524 ‘Preparsntnr
737 3478 769 3510 ex
791 3477 822 3514 eo
862 3463 993 3512 retinebat
1014 3463 1163 3511 consolarer
1190 3464 1320 3518 mittebat.
1347 3455 1392 3528 qul

294 3534 388 3596 charte
400 3533 480 3583 divino
492 3535 521 3596 io·
529 3544 673 3596 praetenues
685 3538 729 3584 sed
745 3552 822 3600 qoam
862 3539 966 3602 proprie
977 3537 1057 3600 legati
1070 3539 1217 3588 consulares
1231 3538 1395 3592 dicebantur.

293 3607 429 3656 latissimas
441 3610 573 3672 philyrae)
606 3611 672 3658 Inde
690 3613 715 3659 in
734 3613 820 3661 Glorr.
863 3615 954 3676 Neque
963 3621 1047 3662 tamen
1055 3616 1201 3662 consulares
1210 3613 1395 3679 illidictiqrrod

292 3687 300 3712 ⁴
311 3682 486 3745 til-ia,plavpa.'
506 3685 541 3732 Et
549 3693 619 3732 vetus
629 3685 732 3734 Horatii
742 3688 821 3734 inter·
861 3689 979 3738 consoler
990 3685 1110 3749 luissent,
1118 3689 1232 3750 utrulgo
1241 3701 1395 3750 persuasum

294 3772 364 3822 pres,
384 3757 501 3822 ‘philyra
512 3765 552 3808 ert
564 3767 654 3808 cortex
668 3761 729 3832 ²⁵¹¹ss
745 3762 821 3810 erbo·
861 3769 923 3822 ert;
941 3777 999 3812 nam
1019 3777 1089 3826 sepe
1109 3762 1224 3812 invenias
1246 3765 1396 3816 consolarer

293 3833 347 3882 rir.’
861 3837 1051 3902 provinciarum
1063 3838 1106 3900 qni
1125 3844 1185 3901 post
1199 3838 1395 3890 administratae

326 3907 444 3958 thrtrlio
456 3909 751 3968 Rusoiltiraiueuletrmc
760 3913 822 3960 Corr-
862 3911 1008 3974 prouincias
1020 3917 1073 3960 tom
1085 3912 1192 3974 primum
1210 3914 1394 3964 consulentis.

293 3983 433 4046 namura
449 3985 508 4034 libri
526 3987 628 4048 scripti,
645 4001 695 4034 non
715 3988 822 4049 parmi,
862 3987 933 4036 bant.
964 3985 1016 4036 Sed
1043 3987 1111 4052 quod
1133 4002 1192 4038 cum
1214 3989 1395 4040 consularibus

294 4058 362 4120 quod
384 4059 498 4122 imperiti
521 4069 683 4110 correctores
702 4055 822 4124 vulgare-j
862 4055 1395 4126 ornamentislmperinmadministrnrent'.

294 4139 359 4184 rant.
376 4134 528 4182 Consulares
541 4136 627 4184 volunt
636 4136 663 4184 in
672 4135 822 4202 qpibrredarn
863 4136 931 4184 Vide
942 4151 999 4201 quae
1009 4137 1111 4190 notavit
1126 4137 1233 4190 Salmas.
1250 4139 1277 4188 in
1291 4137 1393 4190 Hister.

294 4207 578 4270 provinclirinstltutos
595 4211 627 4259 ab
643 4210 757 4260 Adriano
773 4211 824 4259 lm·
865 4211 975 4275 August,
1168 4208 1169 4211 '
