3152 4950
469 411 517 458 ua
542 409 661 457 nanno
684 373 855 456 ruoruuo
881 408 951 456 urs.
976 409 1026 456 rv.
1177 379 1184 392 '
1217 393 1282 461 233

185 555 288 620 facile
301 561 396 626 scuto
411 554 610 630 decutiens,u
632 553 719 616 haud
741 552 873 634 segnius
887 552 1080 616 imminere.v
1124 553 1281 637 Denique

188 653 380 719 Philocteta
402 672 473 732 eos,
490 655 548 737 qni
571 655 606 717 in
628 645 731 717 muris
749 651 854 716 locati
867 657 970 730 erant,
993 653 1124 717 eminus
1146 653 1281 735 sagittis

186 749 374 836 proturbat,
403 757 526 819 multos
547 754 716 818 interficit.
770 753 890 836 Neque
917 771 1015 818 secus
1043 754 1225 838 areliquis
1245 756 1281 818 in

186 859 280 938 parte
294 855 361 918 alia
373 873 427 918 res
442 862 574 936 gestas*
601 853 715 938 Atque
730 875 773 919 eo
790 855 844 918 die
864 855 983 918 excisa
996 873 1180 938 eversaque
1195 875 1278 920 moe-

186 956 241 1019 nia
255 955 399 1019 hostiurn
422 955 540 1032 forent,
555 957 591 1018 ni
606 975 677 1018 nox
695 956 767 1038 jam
789 957 946 1036 ingruens
961 959 1095 1017 nostros
1110 956 1154 1018 ab
1168 955 1280 1036 incep-

187 1061 222 1119 to
238 1056 456 1120 cohibuisset.
499 1053 571 1132 Qui
585 1049 645 1119 uhi
659 1057 703 1119 ad
719 1075 818 1120 naves
833 1055 976 1135 regressi
993 1063 1083 1132 sunt,
1097 1055 1176 1120 laeti
1199 1055 1280 1120 Phi·

181 1157 321 1244 loctetae
348 1155 568 1232 facinoribus,
592 1163 629 1218 et
655 1157 700 1219 ob
726 1157 760 1219 id
784 1157 965 1222 maximam
990 1157 1102 1220 animo
1126 1155 1281 1220 fiduciam

187 1263 368 1338 gestantes,
384 1275 513 1319 summo
527 1256 642 1322 favore
656 1277 696 1320 ac
710 1257 867 1321 laudibus
879 1259 999 1321 ducem
1015 1257 1196 1322 celebrant.
1211 1255 1282 1334 Qui

188 1358 290 1421 simul
304 1377 378 1434 cum
394 1357 482 1433 luce,
497 1347 669 1440 adjunctis
684 1358 748 1420 sibi
765 1357 902 1441 reliquis
914 1357 1069 1436 ducibus,
1078 1357 1113 1420 in
1127 1357 1281 1440 praelium

185 1473 351 1539 egressus
365 1457 478 1540 hostes
493 1465 587 1520 metu
609 1459 663 1521 sui
686 1457 772 1521 adeo
786 1458 957 1535 deterruit,
979 1463 1017 1544 ut
1033 1458 1091 1521 vix
1108 1478 1146 1522 se
1160 1459 1281 1522 moeni-

185 1559 251 1622 bus
266 1559 486 1623 defensarent.
530 1557 611 1640 [et]
633 1559 769 1623 Interim
792 1557 1042 1642 Neoptolemus
1062 1559 1153 1642 apud
1169 1567 1281 1623 tumu-

184 1658 254 1722 lum
268 1657 425 1736 Achillis,
441 1667 622 1743 postquam
639 1660 672 1722 in
687 1663 858 1722 auctorem
881 1664 1029 1743 patema
1050 1659 1156 1723 caedis
1171 1658 1281 1724 vindi·

187 1745 301 1824 catum
318 1767 382 1836 est,
399 1760 529 1824 initium
544 1759 680 1841 lugendi
694 1760 807 1836 sumit,
828 1764 862 1824 et
882 1779 1041 1823 unacum
1060 1759 1218 1825 Phoenice
1232 1769 1280 1826 at·

186 1879 252 1944 que
266 1861 356 1925 omni
371 1859 620 1944 Myrmidonum
635 1860 796 1930 exercitu,
812 1877 927 1923 comas
942 1859 1095 1942 sepulcro
1109 1860 1280 1944 deponit,'

185 1966 426 2045 pemoctatque
448 1961 481 2024 in
501 1963 603 2026 loco.¹
647 1961 821 2025 Paridem
844 1967 978 2044 tempus
1000 1961 1062 2024 tilii
1076 1959 1280 2039 Antimachi,

186 2061 230 2124 de
253 2081 322 2146 quo
345 2081 446 2144 supra
468 2062 750 2138 memoravimus,y
772 2061 924 2144 adjuncti
951 2061 1078 2125 Priami
1099 2063 1210 2139 rebus,
1234 2063 1279 2127 ad

186 2161 358 2228 Helenum
372 2164 668 2245 veniunt,eumque
683 2167 720 2226 ut
735 2161 778 2226 ad
790 2161 970 2226 amicitiam
984 2181 1062 2226 cum
1073 2163 1143 2226 suis
1154 2163 1279 2239 redeat,

185 2261 369 2346 deprecati,
385 2265 445 2329 uhi
460 2263 542 2326 nihil
557 2263 745 2346 proficiunt,
760 2263 802 2327 ad
815 2283 894 2326 suos
909 2269 1106 2340 remeantes,
1123 2263 1280 2328 Diomedi

185 2365 287 2446 ‘atque
314 2361 416 2446 Ajaci
447 2363 565 2427 alteri¹
601 2363 727 2426 itineris
752 2363 862 2427 medic
892 2366 1088 2426 occurrunt:
1127 2365 1170 2426 ab
1199 2363 1278 2447 quis

186 2464 430 2546 comprehensi,
446 2463 665 2547 perductique
681 2465 728 2530 ad
739 2483 855 2540 naves,
871 2465 1009 2547 quinam
1024 2469 1145 2540 essent,
1160 2470 1194 2528 et
1208 2483 1278 2528 rem

151 2645 154 2653 ¹
185 2565 229 2628 ob
244 2583 345 2648 quam
359 2570 516 2629 venerant
537 2583 669 2629 omnem
692 2557 895 2648 expediunt.
931 2564 1016 2628 Tum
1038 2564 1203 2630 recordati
1216 2585 1280 2647 pa·

185 2665 246 2729 tris
269 2683 392 2741 eorum,
415 2669 450 2728 et
472 2685 547 2748 quae
571 2663 745 2730 adversum
767 2667 897 2749 legatos
919 2665 1052 2742 dixerit,
1074 2665 1279 2749 molitasque

186 2765 244 2842 sit,
259 2765 345 2829 tradi
357 2783 419 2828 eos
435 2765 666 2846 popularibus,
682 2771 784 2849 atque
800 2771 874 2830 ante
891 2771 1106 2848 conspectum
1121 2767 1280 2830 barbaro.

185 2883 257 2928 rum
273 2865 416 2948 produci
425 2864 560 2948 jubent,
576 2866 651 2930 dein
665 2868 835 2950 lapidibus
850 2867 981 2951 injectis
996 2869 1118 2932 necari.
1141 2867 1278 2932 Interim

185 2955 369 3028 Alexandri
383 2965 504 3030 funus³
526 2987 587 3048 per
602 2977 731 3050 partem
747 2968 869 3032 aliam⁵
893 2967 936 3033 ad
952 2951 1135 3044 OEnonem,
1149 2987 1226 3050 quae
1248 2969 1279 3030 ei

678 3165 782 3215 Norffi

217 3268 230 3328 'ff
246 3258 402 3310 Fceite'route
413 3260 544 3322 mutiens]
561 3259 645 3323 Super
657 3274 711 3310 mo·
751 3274 835 3309 meum
844 3259 950 3322 conjeci,
959 3258 990 3307 ad
1000 3257 1062 3306 illud
1071 3257 1204 3320 Hymmin
1214 3255 1280 3304 Dia-

185 3333 244 3384 tium
257 3336 317 3383 telis
332 3337 505 3398 gravabatnr3
523 3336 567 3384 sed
581 3350 612 3384 ea
624 3344 711 3386 tamen
751 3348 827 3382 nam:
845 3332 966 3394 Kelpomr
981 3331 1007 3380 tl
1020 3330 1130 3395 γέροντες
1145 3331 1182 3392 ἐφ’
1194 3329 1277 3378 vtes.

184 3409 263 3458 facile
274 3407 431 3459 decutiebat.
467 3409 532 3458 Ram
549 3409 647 3471 miram,
664 3411 712 3460 sci·
754 3407 917 3456 ‘Tondentur
927 3415 1011 3456 autern
1022 3421 1096 3456 senes
1106 3419 1183 3468 super
1193 3403 1279 3454 filios!

137 3499 139 3504 ·
183 3483 257 3532 lieet.
783 3489 796 3514 ¹
812 3481 1093 3546 Persectatqaeintoeo]
1112 3479 1278 3532 Quoderiarn

217 3553 378 3617 vlmmtmre]
390 3554 420 3604 ld
431 3561 479 3611 est,
492 3556 630 3616 instare,et
639 3558 712 3620 qnasi
752 3555 887 3620 aliquoties
897 3556 1091 3606 observabatur.

185 3634 223 3682 eis
235 3628 393 3680 incumbere.
419 3629 557 3693 Egregium
570 3631 646 3694 plane
658 3645 714 3680 ver·
783 3641 794 3676 r
814 3633 874 3682 Filii
884 3633 1022 3682 Autinrncti
1036 3635 1066 3683 dc
1083 3649 1126 3697 quo
1143 3647 1214 3696 rupte
1231 3647 1279 3682 me·

184 3707 255 3757 bum.
274 3705 379 3756 Utina'm
392 3706 417 3754 in
430 3705 535 3769 reliquis
545 3706 661 3756 omnibus
672 3721 713 3757 se·
751 3707 901 3769 morealmes]
912 3707 968 3756 Lib.
978 3722 1009 3762 1¹·
1021 3708 1064 3756 ubi
1076 3709 1122 3770 alt,
1131 3709 1213 3757 solum
1225 3720 1279 3756 om·

185 3799 213 3834 se
225 3784 262 3833 ita
272 3783 423 3846 diligentem
435 3789 573 3846 prestaret
585 3783 690 3846 Dictys.
752 3783 822 3830 utum
834 3781 1014 3832 Antimachum
1033 3784 1059 3832 iu
1079 3785 1187 3845 gratiam
1199 3781 1278 3831 Alex·

217 3867 234 3892 θ
253 3861 339 3908 Corace
353 3858 458 3919 repetiero
475 3857 581 3920 deponit]
600 3859 652 3909 Qui
671 3873 711 3908 sc·
752 3855 825 3905 andri
841 3856 976 3906 adversum
987 3862 1095 3906 cunctos
1106 3857 1278 3916 reclamasse3
1350 3853 1353 3857 ’

185 3933 267 3983 lenuit
278 3946 332 3980 mos
343 3929 402 3980 t'uit.
424 3931 532 3980 Homer.
543 3931 576 3980 de
587 3933 711 3982 Patrocle
751 3945 809 3980 cum
819 3931 968 3980 Menelaum
981 3931 1072 3998 injuste
1087 3931 1206 3994 injuriam
1218 3945 1277 3994 pas-

185 4009 219 4058 11.
227 4014 258 4056 tt.
290 4005 353 4069 θριξὶ
369 4005 394 4056 at
405 4005 483 4056 πάντα
496 4005 564 4057 νέκυν
575 4007 711 4057 scrutabor
751 4021 806 4056 sum
817 4006 996 4055 decernerent.

186 4083 215 4134 br
225 4081 369 4139 ἐπέβαλλον.
393 4083 518 4147 ‘Capillis
530 4091 617 4133 autem
630 4089 710 4132 toturn
783 4090 794 4115 ¹
809 4081 880 4144 Aiaci
890 4079 972 4143 alteri]
996 4081 1039 4130 Sic
1055 4092 1158 4144 semper·
1168 4079 1277 4144 Ajacem

186 4163 314 4208 mortuum
332 4158 455 4220 tegebant
467 4173 531 4222 quos
543 4157 710 4220 injiciebant!
752 4159 855 4209 oileum
867 4162 952 4206 vocat.

185 4232 238 4284 Sed
247 4244 326 4302 'super
337 4233 395 4298 hoc,
407 4233 481 4298 plura
491 4231 517 4282 iu
526 4232 711 4282 Callimachum
783 4241 795 4268 ⁸
810 4231 944 4284 Alexandri
955 4231 1046 4296 sunm]
1066 4229 1152 4294 Nolim
1161 4230 1210 4282 hoe
1222 4229 1278 4280 imi·
