<?xml version="1.0" encoding="UTF-8"?>
<!DOCTYPE html PUBLIC "-//W3C//DTD XHTML 1.0 Transitional//EN"
    "http://www.w3.org/TR/xhtml1/DTD/xhtml1-transitional.dtd">
<html xmlns="http://www.w3.org/1999/xhtml" xml:lang="en" lang="en">
 <head>
  <title>
</title>
<meta http-equiv="Content-Type" content="text/html;charset=utf-8" />
  <meta name='ocr-system' content='tesseract 3.04.00' />
  <meta name='ocr-capabilities' content='ocr_page ocr_carea ocr_par ocr_line ocrx_word'/>
</head>
<body>
  <div class='ocr_page' id='page_1' title='image "./dictyscretensis00dresgoog_0023.png"; bbox 0 0 3136 4948; ppageno 0'>
   <div class='ocr_carea' id='block_1_1' title="bbox 299 405 1208 470">
    <p class='ocr_par' dir='ltr' id='par_1_1' title="bbox 299 405 1208 470">
     <span class='ocr_line' id='line_1_1' title="bbox 299 405 1208 470; baseline -0.004 0"><span class='ocrx_word' id='word_1_1' title='bbox 299 405 339 470; x_wconf 77' lang='lat'><strong>14</strong></span> <span class='ocrx_word' id='word_1_2' title='bbox 470 421 640 470; x_wconf 77' lang='lat' dir='ltr'><strong>Jornuns</strong></span> <span class='ocrx_word' id='word_1_3' title='bbox 666 419 893 469; x_wconf 78' lang='lat' dir='ltr'><strong>vossiusnu</strong></span> <span class='ocrx_word' id='word_1_4' title='bbox 917 419 1032 466; x_wconf 79' lang='lat' dir='ltr'><strong>urcrr</strong></span> <span class='ocrx_word' id='word_1_5' title='bbox 1058 417 1208 467; x_wconf 80' lang='grc' dir='ltr'><strong>ιιιιιιο.</strong></span> 
     </span>
    </p>
   </div>
   <div class='ocr_carea' id='block_1_2' title="bbox 519 653 1168 737">
    <p class='ocr_par' dir='ltr' id='par_1_2' title="bbox 503 610 1168 737">
     <span class='ocr_line' id='line_1_2' title="bbox 519 653 1168 737; baseline 0.012 -7.808"><span class='ocrx_word' id='word_1_6' title='bbox 519 657 601 730; x_wconf 84' lang='lat' dir='ltr'><strong>nn</strong></span> <span class='ocrx_word' id='word_1_7' title='bbox 646 655 854 730; x_wconf 82' lang='lat' dir='ltr'><strong>nrcrr</strong></span> <span class='ocrx_word' id='word_1_8' title='bbox 897 653 1168 737; x_wconf 82' lang='lat' dir='ltr'><strong>LATINO,</strong></span> 
     </span>
    </p>
   </div>
   <div class='ocr_carea' id='block_1_3' title="bbox 575 799 1104 1026">
    <p class='ocr_par' dir='ltr' id='par_1_3' title="bbox 575 799 1104 1026">
     <span class='ocr_line' id='line_1_3' title="bbox 610 799 1064 870; baseline -0.009 -2"><span class='ocrx_word' id='word_1_9' title='bbox 610 803 679 868; x_wconf 88' lang='lat' dir='ltr'><strong>EX</strong></span> <span class='ocrx_word' id='word_1_10' title='bbox 702 803 872 870; x_wconf 83' lang='lat' dir='ltr'><strong>EODEM</strong></span> <span class='ocrx_word' id='word_1_11' title='bbox 893 799 1064 868; x_wconf 85' lang='lat' dir='ltr'><strong>VOSSIO</strong></span> 
     </span>
     <span class='ocr_line' id='line_1_4' title="bbox 575 933 1104 1026; baseline -0.009 -40"><span class='ocrx_word' id='word_1_12' title='bbox 575 937 631 988; x_wconf 81' lang='lat' dir='ltr'><strong>ne</strong></span> <span class='ocrx_word' id='word_1_13' title='bbox 658 936 910 1026; x_wconf 27' lang='lat' dir='ltr'><strong>ursronrcrs·</strong></span> <span class='ocrx_word' id='word_1_14' title='bbox 927 933 1104 986; x_wconf 71' lang='lat' dir='ltr'><strong>narrans.</strong></span> 
     </span>
    </p>
   </div>
   <div class='ocr_carea' id='block_1_4' title="bbox 263 1073 1383 2260">
    <p class='ocr_par' dir='ltr' id='par_1_4' title="bbox 263 1073 1383 2260">
     <span class='ocr_line' id='line_1_5' title="bbox 263 1073 1382 1156; baseline -0.004 -16"><span class='ocrx_word' id='word_1_15' title='bbox 263 1149 264 1152; x_wconf 8' lang='grc' dir='ltr'><strong>Ἴ</strong></span> <span class='ocrx_word' id='word_1_16' title='bbox 295 1073 340 1154; x_wconf 80' lang='lat' dir='ltr'><strong>Q.</strong></span> <span class='ocrx_word' id='word_1_17' title='bbox 356 1075 564 1140; x_wconf 68' lang='lat' dir='ltr'><strong>Suburanus</strong></span> <span class='ocrx_word' id='word_1_18' title='bbox 588 1074 761 1138; x_wconf 83' lang='lat' dir='ltr'><strong>Romanus</strong></span> <span class='ocrx_word' id='word_1_19' title='bbox 786 1075 905 1140; x_wconf 82' lang='lat' dir='ltr'><strong>Latine</strong></span> <span class='ocrx_word' id='word_1_20' title='bbox 932 1075 1077 1139; x_wconf 90' lang='lat' dir='ltr'><strong>creditur</strong></span> <span class='ocrx_word' id='word_1_21' title='bbox 1101 1073 1242 1136; x_wconf 85' lang='lat' dir='ltr'><strong>vertisse</strong></span> <span class='ocrx_word' id='word_1_22' title='bbox 1260 1074 1382 1156; x_wconf 91' lang='lat' dir='ltr'><strong>Dictyn</strong></span> 
     </span>
     <span class='ocr_line' id='line_1_6' title="bbox 294 1176 1383 1266; baseline -0.005 -24"><span class='ocrx_word' id='word_1_23' title='bbox 294 1179 487 1242; x_wconf 79' lang='lat' dir='ltr'><strong>Cretensem</strong></span> <span class='ocrx_word' id='word_1_24' title='bbox 507 1177 548 1240; x_wconf 90' lang='lat' dir='ltr'><strong>de</strong></span> <span class='ocrx_word' id='word_1_25' title='bbox 570 1178 667 1266; x_wconf 87' lang='lat' dir='ltr'><strong>bello</strong></span> <span class='ocrx_word' id='word_1_26' title='bbox 682 1177 850 1258; x_wconf 88' lang='lat' dir='ltr'><strong>Trojano:</strong></span> <span class='ocrx_word' id='word_1_27' title='bbox 883 1197 1025 1260; x_wconf 88' lang='lat' dir='ltr'><strong>eamque</strong></span> <span class='ocrx_word' id='word_1_28' title='bbox 1055 1178 1307 1240; x_wconf 80' lang='lat' dir='ltr'><strong>translationem</strong></span> <span class='ocrx_word' id='word_1_29' title='bbox 1332 1176 1383 1238; x_wconf 89' lang='lat' dir='ltr'><strong>di-</strong></span> 
     </span>
     <span class='ocr_line' id='line_1_7' title="bbox 293 1275 1383 1359; baseline -0.004 -19"><span class='ocrx_word' id='word_1_30' title='bbox 293 1295 391 1341; x_wconf 87' lang='lat' dir='ltr'><strong>casse</strong></span> <span class='ocrx_word' id='word_1_31' title='bbox 407 1275 452 1354; x_wconf 80' lang='lat' dir='ltr'><strong>Q.</strong></span> <span class='ocrx_word' id='word_1_32' title='bbox 466 1277 613 1340; x_wconf 85' lang='lat' dir='ltr'><strong>Arcadio</strong></span> <span class='ocrx_word' id='word_1_33' title='bbox 636 1277 772 1353; x_wconf 88' lang='lat' dir='ltr'><strong>Rufino,</strong></span> <span class='ocrx_word' id='word_1_34' title='bbox 786 1279 844 1359; x_wconf 91' lang='lat' dir='ltr'><strong>qni</strong></span> <span class='ocrx_word' id='word_1_35' title='bbox 865 1279 929 1340; x_wconf 91' lang='lat' dir='ltr'><strong>sub</strong></span> <span class='ocrx_word' id='word_1_36' title='bbox 950 1277 1171 1342; x_wconf 83' lang='lat' dir='ltr'><strong>Constantino</strong></span> <span class='ocrx_word' id='word_1_37' title='bbox 1193 1276 1280 1357; x_wconf 88' lang='lat' dir='ltr'><strong>Imp.</strong></span> <span class='ocrx_word' id='word_1_38' title='bbox 1302 1294 1383 1337; x_wconf 92' lang='lat' dir='ltr'><strong>con·</strong></span> 
     </span>
     <span class='ocr_line' id='line_1_8' title="bbox 293 1375 1382 1458; baseline -0.003 -18"><span class='ocrx_word' id='word_1_39' title='bbox 293 1379 440 1441; x_wconf 87' lang='lat' dir='ltr'><strong>sulatum</strong></span> <span class='ocrx_word' id='word_1_40' title='bbox 460 1379 564 1458; x_wconf 82' lang='lat' dir='ltr'><strong>gessit</strong></span> <span class='ocrx_word' id='word_1_41' title='bbox 585 1397 674 1440; x_wconf 89' lang='lat' dir='ltr'><strong>anno</strong></span> <span class='ocrx_word' id='word_1_42' title='bbox 696 1377 788 1441; x_wconf 90' lang='lat' dir='ltr'><strong>urbis</strong></span> <span class='ocrx_word' id='word_1_43' title='bbox 805 1393 1006 1441; x_wconf 84' lang='lat' dir='ltr'><strong>eronxvrrr.</strong></span> <span class='ocrx_word' id='word_1_44' title='bbox 1050 1375 1117 1439; x_wconf 86' lang='lat' dir='ltr'><strong>Sed</strong></span> <span class='ocrx_word' id='word_1_45' title='bbox 1133 1377 1288 1458; x_wconf 86' lang='lat' dir='ltr'><strong>quisquis</strong></span> <span class='ocrx_word' id='word_1_46' title='bbox 1304 1395 1382 1438; x_wconf 87' lang='lat' dir='ltr'><strong>auc-</strong></span> 
     </span>
     <span class='ocr_line' id='line_1_9' title="bbox 292 1473 1381 1560; baseline -0.002 -19"><span class='ocrx_word' id='word_1_47' title='bbox 292 1473 344 1542; x_wconf 84' lang='lat' dir='ltr'><strong>tor</strong></span> <span class='ocrx_word' id='word_1_48' title='bbox 364 1483 416 1542; x_wconf 88' lang='lat' dir='ltr'><strong>est</strong></span> <span class='ocrx_word' id='word_1_49' title='bbox 436 1477 509 1560; x_wconf 86' lang='lat' dir='ltr'><strong>ejus</strong></span> <span class='ocrx_word' id='word_1_50' title='bbox 533 1477 658 1560; x_wconf 89' lang='lat' dir='ltr'><strong>operis,</strong></span> <span class='ocrx_word' id='word_1_51' title='bbox 681 1477 813 1553; x_wconf 88' lang='lat' dir='ltr'><strong>Latine,</strong></span> <span class='ocrx_word' id='word_1_52' title='bbox 828 1495 895 1540; x_wconf 90' lang='lat' dir='ltr'><strong>non</strong></span> <span class='ocrx_word' id='word_1_53' title='bbox 915 1475 1035 1540; x_wconf 87' lang='lat' dir='ltr'><strong>Graece</strong></span> <span class='ocrx_word' id='word_1_54' title='bbox 1052 1475 1196 1558; x_wconf 85' lang='lat' dir='ltr'><strong>scripsit.</strong></span> <span class='ocrx_word' id='word_1_55' title='bbox 1240 1475 1381 1539; x_wconf 84' lang='lat' dir='ltr'><strong>Graecos</strong></span> 
     </span>
     <span class='ocr_line' id='line_1_10' title="bbox 292 1577 1381 1660; baseline -0.004 -18"><span class='ocrx_word' id='word_1_56' title='bbox 292 1585 406 1642; x_wconf 89' lang='lat' dir='ltr'><strong>tamen</strong></span> <span class='ocrx_word' id='word_1_57' title='bbox 429 1585 581 1641; x_wconf 84' lang='lat' dir='ltr'><strong>auctores</strong></span> <span class='ocrx_word' id='word_1_58' title='bbox 597 1597 671 1641; x_wconf 88' lang='lat' dir='ltr'><strong>cum</strong></span> <span class='ocrx_word' id='word_1_59' title='bbox 691 1577 822 1660; x_wconf 91' lang='lat' dir='ltr'><strong>jndicio</strong></span> <span class='ocrx_word' id='word_1_60' title='bbox 847 1577 929 1659; x_wconf 84' lang='lat' dir='ltr'><strong>legit</strong></span> <span class='ocrx_word' id='word_1_61' title='bbox 952 1583 1053 1660; x_wconf 89' lang='lat' dir='ltr'><strong>atque</strong></span> <span class='ocrx_word' id='word_1_62' title='bbox 1069 1596 1115 1638; x_wconf 88' lang='lat' dir='ltr'><strong>ex</strong></span> <span class='ocrx_word' id='word_1_63' title='bbox 1141 1577 1182 1638; x_wconf 92' lang='lat' dir='ltr'><strong>iis</strong></span> <span class='ocrx_word' id='word_1_64' title='bbox 1199 1578 1381 1657; x_wconf 80' lang='lat' dir='ltr'><strong>excerpsit,</strong></span> 
     </span>
     <span class='ocr_line' id='line_1_11' title="bbox 291 1671 1379 1762; baseline -0.003 -21"><span class='ocrx_word' id='word_1_65' title='bbox 291 1697 368 1760; x_wconf 87' lang='lat' dir='ltr'><strong>quae</strong></span> <span class='ocrx_word' id='word_1_66' title='bbox 380 1677 510 1762; x_wconf 85' lang='lat' dir='ltr'><strong>veritati</strong></span> <span class='ocrx_word' id='word_1_67' title='bbox 525 1683 750 1741; x_wconf 88' lang='lat' dir='ltr'><strong>consentanea</strong></span> <span class='ocrx_word' id='word_1_68' title='bbox 762 1677 958 1740; x_wconf 85' lang='lat' dir='ltr'><strong>viderentur.</strong></span> <span class='ocrx_word' id='word_1_69' title='bbox 1004 1677 1036 1740; x_wconf 90' lang='lat' dir='ltr'>N</span> <span class='ocrx_word' id='word_1_70' title='bbox 1039 1695 1078 1740; x_wconf 91' lang='lat' dir='ltr'><strong>ec</strong></span> <span class='ocrx_word' id='word_1_71' title='bbox 1095 1685 1206 1740; x_wconf 67' lang='lat' dir='ltr'><strong>mmen</strong></span> <span class='ocrx_word' id='word_1_72' title='bbox 1218 1671 1379 1740; x_wconf 86' lang='lat' dir='ltr'><strong>Constan-</strong></span> 
     </span>
     <span class='ocr_line' id='line_1_12' title="bbox 291 1773 1380 1860; baseline 0.001 -20"><span class='ocrx_word' id='word_1_73' title='bbox 291 1773 351 1841; x_wconf 91' lang='lat' dir='ltr'><strong>tini</strong></span> <span class='ocrx_word' id='word_1_74' title='bbox 367 1797 454 1852; x_wconf 86' lang='lat' dir='ltr'><strong>aevo,</strong></span> <span class='ocrx_word' id='word_1_75' title='bbox 478 1777 536 1840; x_wconf 92' lang='lat' dir='ltr'><strong>sed</strong></span> <span class='ocrx_word' id='word_1_76' title='bbox 551 1779 687 1842; x_wconf 86' lang='lat' dir='ltr'><strong>saeculis</strong></span> <span class='ocrx_word' id='word_1_77' title='bbox 701 1778 832 1860; x_wconf 84' lang='lat' dir='ltr'><strong>aliquot</strong></span> <span class='ocrx_word' id='word_1_78' title='bbox 845 1785 937 1860; x_wconf 89' lang='lat' dir='ltr'><strong>post,</strong></span> <span class='ocrx_word' id='word_1_79' title='bbox 953 1778 1080 1840; x_wconf 85' lang='lat' dir='ltr'><strong>vixisse</strong></span> <span class='ocrx_word' id='word_1_80' title='bbox 1095 1795 1235 1840; x_wconf 84' lang='lat' dir='ltr'><strong>censeo:</strong></span> <span class='ocrx_word' id='word_1_81' title='bbox 1259 1778 1324 1840; x_wconf 89' lang='lat' dir='ltr'><strong>etsi</strong></span> <span class='ocrx_word' id='word_1_82' title='bbox 1339 1797 1380 1841; x_wconf 87' lang='lat' dir='ltr'><strong>ea</strong></span> 
     </span>
     <span class='ocr_line' id='line_1_13' title="bbox 291 1875 1380 1960; baseline 0 -20"><span class='ocrx_word' id='word_1_83' title='bbox 291 1879 337 1940; x_wconf 84' lang='lat' dir='ltr'><strong>sit</strong></span> <span class='ocrx_word' id='word_1_84' title='bbox 352 1877 509 1941; x_wconf 88' lang='lat' dir='ltr'><strong>dictionis</strong></span> <span class='ocrx_word' id='word_1_85' title='bbox 527 1878 700 1959; x_wconf 79' lang='lat' dir='ltr'><strong>elegantia,</strong></span> <span class='ocrx_word' id='word_1_86' title='bbox 718 1884 829 1941; x_wconf 89' lang='lat' dir='ltr'><strong>utnon</strong></span> <span class='ocrx_word' id='word_1_87' title='bbox 852 1877 1005 1960; x_wconf 87' lang='lat' dir='ltr'><strong>indignus</strong></span> <span class='ocrx_word' id='word_1_88' title='bbox 1020 1877 1152 1940; x_wconf 91' lang='lat' dir='ltr'><strong>omnino</strong></span> <span class='ocrx_word' id='word_1_89' title='bbox 1170 1875 1380 1941; x_wconf 83' lang='lat' dir='ltr'><strong>Constantini</strong></span> 
     </span>
     <span class='ocr_line' id='line_1_14' title="bbox 290 1976 1379 2060; baseline 0.002 -20"><span class='ocrx_word' id='word_1_90' title='bbox 290 1976 424 2060; x_wconf 86' lang='lat' dir='ltr'><strong>quidem</strong></span> <span class='ocrx_word' id='word_1_91' title='bbox 437 1978 563 2040; x_wconf 89' lang='lat' dir='ltr'><strong>saeculo</strong></span> <span class='ocrx_word' id='word_1_92' title='bbox 579 1978 737 2042; x_wconf 86' lang='lat' dir='ltr'><strong>videatur</strong></span> <span class='ocrx_word' id='word_1_93' title='bbox 782 1977 909 2056; x_wconf 87' lang='lat' dir='ltr'><strong>Quod</strong></span> <span class='ocrx_word' id='word_1_94' title='bbox 900 1979 1052 2060; x_wconf 77' lang='lat' dir='ltr'><strong>inprimis</strong></span> <span class='ocrx_word' id='word_1_95' title='bbox 1068 1984 1159 2060; x_wconf 88' lang='lat' dir='ltr'><strong>patet</strong></span> <span class='ocrx_word' id='word_1_96' title='bbox 1175 1996 1220 2040; x_wconf 84' lang='lat' dir='ltr'><strong>ex</strong></span> <span class='ocrx_word' id='word_1_97' title='bbox 1234 1978 1379 2042; x_wconf 85' lang='lat' dir='ltr'><strong>editione</strong></span> 
     </span>
     <span class='ocr_line' id='line_1_15' title="bbox 288 2076 1380 2161; baseline 0.001 -22"><span class='ocrx_word' id='word_1_98' title='bbox 288 2093 415 2158; x_wconf 90' lang='lat' dir='ltr'><strong>nupera</strong></span> <span class='ocrx_word' id='word_1_99' title='bbox 424 2076 526 2158; x_wconf 85' lang='lat' dir='ltr'><strong>juxta</strong></span> <span class='ocrx_word' id='word_1_100' title='bbox 537 2077 623 2142; x_wconf 90' lang='lat' dir='ltr'><strong>Mss.</strong></span> <span class='ocrx_word' id='word_1_101' title='bbox 634 2077 718 2142; x_wconf 84' lang='lat' dir='ltr'><strong>Cod.</strong></span> <span class='ocrx_word' id='word_1_102' title='bbox 730 2079 901 2142; x_wconf 87' lang='lat' dir='ltr'><strong>emendata</strong></span> <span class='ocrx_word' id='word_1_103' title='bbox 916 2079 1140 2160; x_wconf 84' lang='lat' dir='ltr'><strong>quaeLutetiee</strong></span> <span class='ocrx_word' id='word_1_104' title='bbox 1152 2078 1273 2161; x_wconf 88' lang='lat' dir='ltr'><strong>prodiit</strong></span> <span class='ocrx_word' id='word_1_105' title='bbox 1285 2079 1380 2160; x_wconf 87' lang='lat' dir='ltr'><strong>apud</strong></span> 
     </span>
     <span class='ocr_line' id='line_1_16' title="bbox 289 2176 610 2260; baseline 0 -20"><span class='ocrx_word' id='word_1_106' title='bbox 289 2176 379 2241; x_wconf 89' lang='lat' dir='ltr'><strong>Rob.</strong></span> <span class='ocrx_word' id='word_1_107' title='bbox 392 2176 610 2260; x_wconf 79' lang='lat' dir='ltr'><strong>Stephanum</strong></span> 
     </span>
    </p>
   </div>
   <div class='ocr_carea' id='block_1_5' title="bbox 287 2372 1195 2590">
    <p class='ocr_par' dir='ltr' id='par_1_5' title="bbox 287 2372 1195 2590">
     <span class='ocr_line' id='line_1_17' title="bbox 287 2372 1195 2478; baseline 0.001 -21"><span class='ocrx_word' id='word_1_108' title='bbox 287 2372 290 2380; x_wconf 84' lang='lat'>&#39;</span> <span class='ocrx_word' id='word_1_109' title='bbox 372 2471 374 2478; x_wconf 45' lang='grc'><strong>,</strong></span> <span class='ocrx_word' id='word_1_110' title='bbox 465 2391 590 2457; x_wconf 80' lang='lat' dir='ltr'><strong>rnen</strong></span> <span class='ocrx_word' id='word_1_111' title='bbox 615 2393 678 2459; x_wconf 84' lang='lat' dir='ltr'><strong>nu</strong></span> <span class='ocrx_word' id='word_1_112' title='bbox 701 2387 977 2458; x_wconf 81' lang='lat' dir='ltr'><strong>ursrourcrs</strong></span> <span class='ocrx_word' id='word_1_113' title='bbox 1001 2393 1195 2458; x_wconf 77' lang='lat' dir='ltr'><strong>narnus</strong></span> 
     </span>
     <span class='ocr_line' id='line_1_18' title="bbox 686 2524 981 2590; baseline 0.007 -3"><span class='ocrx_word' id='word_1_114' title='bbox 686 2525 778 2588; x_wconf 87' lang='lat' dir='ltr'><strong>Part.</strong></span> <span class='ocrx_word' id='word_1_115' title='bbox 791 2541 830 2586; x_wconf 91' lang='lat'><strong>11.</strong></span> <span class='ocrx_word' id='word_1_116' title='bbox 856 2524 921 2588; x_wconf 85' lang='lat' dir='ltr'><strong>Lit.</strong></span> <span class='ocrx_word' id='word_1_117' title='bbox 938 2526 981 2590; x_wconf 92' lang='lat' dir='ltr'><strong>D.</strong></span> 
     </span>
    </p>
   </div>
   <div class='ocr_carea' id='block_1_6' title="bbox 197 2667 1375 3655">
    <p class='ocr_par' dir='ltr' id='par_1_6' title="bbox 197 2667 1375 3655">
     <span class='ocr_line' id='line_1_19' title="bbox 286 2667 1375 2755; baseline -0.001 -20"><span class='ocrx_word' id='word_1_118' title='bbox 286 2672 362 2736; x_wconf 86' lang='lat' dir='ltr'><strong>Hre</strong></span> <span class='ocrx_word' id='word_1_119' title='bbox 386 2692 519 2755; x_wconf 89' lang='lat' dir='ltr'><strong>quoque</strong></span> <span class='ocrx_word' id='word_1_120' title='bbox 541 2667 686 2754; x_wconf 86' lang='lat' dir='ltr'><strong>aliquem</strong></span> <span class='ocrx_word' id='word_1_121' title='bbox 712 2671 777 2734; x_wconf 88' lang='lat' dir='ltr'><strong>sibi</strong></span> <span class='ocrx_word' id='word_1_122' title='bbox 796 2671 906 2734; x_wconf 89' lang='lat' dir='ltr'><strong>locum</strong></span> <span class='ocrx_word' id='word_1_123' title='bbox 930 2673 1104 2754; x_wconf 86' lang='lat' dir='ltr'><strong>postulare</strong></span> <span class='ocrx_word' id='word_1_124' title='bbox 1119 2671 1249 2740; x_wconf 87' lang='lat' dir='ltr'><strong>videtur</strong></span> <span class='ocrx_word' id='word_1_125' title='bbox 1265 2673 1375 2736; x_wconf 87' lang='lat' dir='ltr'><strong>Dares</strong></span> 
     </span>
     <span class='ocr_line' id='line_1_20' title="bbox 274 2769 1375 2856; baseline 0.001 -21"><span class='ocrx_word' id='word_1_126' title='bbox 274 2771 464 2856; x_wconf 42' lang='lat' dir='ltr'><strong>‘Phrygius</strong></span> <span class='ocrx_word' id='word_1_127' title='bbox 487 2772 540 2835; x_wconf 89' lang='lat' dir='ltr'><strong>vel</strong></span> <span class='ocrx_word' id='word_1_128' title='bbox 568 2771 682 2852; x_wconf 90' lang='lat' dir='ltr'><strong>potius</strong></span> <span class='ocrx_word' id='word_1_129' title='bbox 705 2769 943 2852; x_wconf 88' lang='lat' dir='ltr'><strong>supposititius</strong></span> <span class='ocrx_word' id='word_1_130' title='bbox 971 2773 1122 2854; x_wconf 86' lang='lat' dir='ltr'><strong>scriptor,</strong></span> <span class='ocrx_word' id='word_1_131' title='bbox 1148 2772 1204 2854; x_wconf 90' lang='lat' dir='ltr'><strong>qui</strong></span> <span class='ocrx_word' id='word_1_132' title='bbox 1227 2774 1289 2835; x_wconf 90' lang='lat' dir='ltr'><strong>snb</strong></span> <span class='ocrx_word' id='word_1_133' title='bbox 1311 2771 1375 2836; x_wconf 85' lang='lat' dir='ltr'><strong>hoe</strong></span> 
     </span>
     <span class='ocr_line' id='line_1_21' title="bbox 197 2863 1374 2952; baseline -0.001 -18"><span class='ocrx_word' id='word_1_134' title='bbox 197 2865 200 2871; x_wconf 64' lang='grc'><strong>“</strong></span> <span class='ocrx_word' id='word_1_135' title='bbox 284 2872 417 2934; x_wconf 89' lang='lat' dir='ltr'><strong>nomine</strong></span> <span class='ocrx_word' id='word_1_136' title='bbox 442 2871 678 2934; x_wconf 82' lang='lat' dir='ltr'><strong>circumfertur.</strong></span> <span class='ocrx_word' id='word_1_137' title='bbox 724 2871 761 2933; x_wconf 91' lang='lat' dir='ltr'><strong>Is</strong></span> <span class='ocrx_word' id='word_1_138' title='bbox 791 2889 835 2932; x_wconf 86' lang='lat' dir='ltr'><strong>ex</strong></span> <span class='ocrx_word' id='word_1_139' title='bbox 865 2863 988 2950; x_wconf 84' lang='lat' dir='ltr'><strong>Graeco</strong></span> <span class='ocrx_word' id='word_1_140' title='bbox 1013 2891 1035 2934; x_wconf 90' lang='lat' dir='ltr'><strong>a</strong></span> <span class='ocrx_word' id='word_1_141' title='bbox 1062 2869 1219 2942; x_wconf 19' lang='lat' dir='ltr'><strong>,Cornelio</strong></span> <span class='ocrx_word' id='word_1_142' title='bbox 1240 2872 1374 2952; x_wconf 86' lang='lat' dir='ltr'><strong>Nepote</strong></span> 
     </span>
     <span class='ocr_line' id='line_1_22' title="bbox 284 2971 1373 3053; baseline -0.003 -18"><span class='ocrx_word' id='word_1_143' title='bbox 284 2972 470 3035; x_wconf 89' lang='lat' dir='ltr'><strong>translatus</strong></span> <span class='ocrx_word' id='word_1_144' title='bbox 484 2977 557 3034; x_wconf 89' lang='lat' dir='ltr'><strong>est:</strong></span> <span class='ocrx_word' id='word_1_145' title='bbox 582 2971 611 3033; x_wconf 90' lang='lat' dir='ltr'><strong>si</strong></span> <span class='ocrx_word' id='word_1_146' title='bbox 627 2971 782 3052; x_wconf 88' lang='lat' dir='ltr'><strong>epistolae</strong></span> <span class='ocrx_word' id='word_1_147' title='bbox 798 2971 918 3051; x_wconf 87' lang='lat' dir='ltr'><strong>nugaci</strong></span> <span class='ocrx_word' id='word_1_148' title='bbox 933 2972 1110 3047; x_wconf 89' lang='lat' dir='ltr'><strong>credimus,</strong></span> <span class='ocrx_word' id='word_1_149' title='bbox 1132 2991 1210 3053; x_wconf 85' lang='lat' dir='ltr'><strong>quae</strong></span> <span class='ocrx_word' id='word_1_150' title='bbox 1225 2972 1373 3052; x_wconf 88' lang='lat' dir='ltr'><strong>praemit-</strong></span> 
     </span>
     <span class='ocr_line' id='line_1_23' title="bbox 284 3056 1372 3152; baseline 0.001 -19"><span class='ocrx_word' id='word_1_151' title='bbox 284 3073 374 3136; x_wconf 85' lang='lat' dir='ltr'><strong>titur.</strong></span> <span class='ocrx_word' id='word_1_152' title='bbox 419 3072 500 3134; x_wconf 88' lang='lat' dir='ltr'><strong>Scio</strong></span> <span class='ocrx_word' id='word_1_153' title='bbox 526 3071 650 3134; x_wconf 86' lang='lat' dir='ltr'><strong>AEliani</strong></span> <span class='ocrx_word' id='word_1_154' title='bbox 686 3077 790 3134; x_wconf 85' lang='lat' dir='ltr'><strong>aetate</strong></span> <span class='ocrx_word' id='word_1_155' title='bbox 814 3056 1173 3135; x_wconf 46' lang='lat' dir='ltr'><strong>etiamnum‘extitisse</strong></span> <span class='ocrx_word' id='word_1_156' title='bbox 1194 3071 1372 3152; x_wconf 83' lang='lat' dir='ltr'><strong>Phrygiam</strong></span> 
     </span>
     <span class='ocr_line' id='line_1_24' title="bbox 284 3169 1372 3254; baseline -0.004 -19"><span class='ocrx_word' id='word_1_157' title='bbox 284 3172 418 3236; x_wconf 86' lang='lat' dir='ltr'><strong>Daretis</strong></span> <span class='ocrx_word' id='word_1_158' title='bbox 433 3172 586 3236; x_wconf 90' lang='lat' dir='ltr'><strong>Iliadem.</strong></span> <span class='ocrx_word' id='word_1_159' title='bbox 633 3169 722 3234; x_wconf 89' lang='lat' dir='ltr'><strong>Nam</strong></span> <span class='ocrx_word' id='word_1_160' title='bbox 743 3171 778 3234; x_wconf 93' lang='lat' dir='ltr'><strong>id</strong></span> <span class='ocrx_word' id='word_1_161' title='bbox 802 3171 886 3234; x_wconf 91' lang='lat' dir='ltr'><strong>satis</strong></span> <span class='ocrx_word' id='word_1_162' title='bbox 900 3171 1006 3254; x_wconf 89' lang='lat' dir='ltr'><strong>liquet</strong></span> <span class='ocrx_word' id='word_1_163' title='bbox 1028 3191 1073 3236; x_wconf 83' lang='lat' dir='ltr'><strong>ex</strong></span> <span class='ocrx_word' id='word_1_164' title='bbox 1094 3171 1164 3254; x_wconf 88' lang='lat' dir='ltr'><strong>ejus</strong></span> <span class='ocrx_word' id='word_1_165' title='bbox 1179 3170 1260 3235; x_wconf 87' lang='lat' dir='ltr'><strong>Var.</strong></span> <span class='ocrx_word' id='word_1_166' title='bbox 1278 3169 1372 3232; x_wconf 87' lang='lat' dir='ltr'><strong>Hist.</strong></span> 
     </span>
     <span class='ocr_line' id='line_1_25' title="bbox 282 3265 1372 3354; baseline 0 -20"><span class='ocrx_word' id='word_1_167' title='bbox 282 3272 306 3334; x_wconf 90' lang='lat'><strong>1.</strong></span> <span class='ocrx_word' id='word_1_168' title='bbox 320 3287 376 3335; x_wconf 78' lang='lat' dir='ltr'><strong>xl.</strong></span> <span class='ocrx_word' id='word_1_169' title='bbox 391 3293 421 3336; x_wconf 93' lang='lat' dir='ltr'><strong>c.</strong></span> <span class='ocrx_word' id='word_1_170' title='bbox 437 3273 490 3335; x_wconf 94' lang='grc'><strong>11.</strong></span> <span class='ocrx_word' id='word_1_171' title='bbox 534 3272 603 3335; x_wconf 91' lang='lat' dir='ltr'><strong>Sed</strong></span> <span class='ocrx_word' id='word_1_172' title='bbox 622 3291 687 3334; x_wconf 92' lang='lat' dir='ltr'><strong>non</strong></span> <span class='ocrx_word' id='word_1_173' title='bbox 709 3272 837 3348; x_wconf 89' lang='lat' dir='ltr'><strong>dubito,</strong></span> <span class='ocrx_word' id='word_1_174' title='bbox 848 3273 929 3354; x_wconf 91' lang='lat' dir='ltr'><strong>quin</strong></span> <span class='ocrx_word' id='word_1_175' title='bbox 944 3273 1039 3354; x_wconf 86' lang='lat' dir='ltr'><strong>longe</strong></span> <span class='ocrx_word' id='word_1_176' title='bbox 1061 3273 1148 3336; x_wconf 88' lang='lat' dir='ltr'><strong>alius</strong></span> <span class='ocrx_word' id='word_1_177' title='bbox 1162 3271 1263 3334; x_wconf 86' lang='lat' dir='ltr'><strong>inerit</strong></span> <span class='ocrx_word' id='word_1_178' title='bbox 1278 3265 1372 3334; x_wconf 84' lang='lat' dir='ltr'><strong>Grae-</strong></span> 
     </span>
     <span class='ocr_line' id='line_1_26' title="bbox 282 3371 1370 3454; baseline -0.001 -18"><span class='ocrx_word' id='word_1_179' title='bbox 282 3391 343 3436; x_wconf 89' lang='lat' dir='ltr'><strong>cus</strong></span> <span class='ocrx_word' id='word_1_180' title='bbox 367 3373 433 3437; x_wconf 91' lang='lat' dir='ltr'><strong>ille.</strong></span> <span class='ocrx_word' id='word_1_181' title='bbox 478 3372 568 3436; x_wconf 90' lang='lat' dir='ltr'><strong>Nam</strong></span> <span class='ocrx_word' id='word_1_182' title='bbox 594 3392 692 3454; x_wconf 92' lang='lat' dir='ltr'><strong>quem</strong></span> <span class='ocrx_word' id='word_1_183' title='bbox 715 3391 779 3434; x_wconf 89' lang='lat' dir='ltr'><strong>nos</strong></span> <span class='ocrx_word' id='word_1_184' title='bbox 804 3371 1115 3449; x_wconf 89' lang='lat' dir='ltr'><strong>Latine-habemus,</strong></span> <span class='ocrx_word' id='word_1_185' title='bbox 1141 3372 1226 3436; x_wconf 85' lang='lat' dir='ltr'><strong>satis</strong></span> <span class='ocrx_word' id='word_1_186' title='bbox 1246 3373 1370 3453; x_wconf 88' lang='lat' dir='ltr'><strong>prodit,</strong></span> 
     </span>
     <span class='ocr_line' id='line_1_27' title="bbox 281 3472 1370 3557; baseline -0.002 -21"><span class='ocrx_word' id='word_1_187' title='bbox 281 3492 317 3536; x_wconf 90' lang='lat' dir='ltr'><strong>se</strong></span> <span class='ocrx_word' id='word_1_188' title='bbox 328 3475 460 3556; x_wconf 84' lang='lat' dir='ltr'><strong>exiguae</strong></span> <span class='ocrx_word' id='word_1_189' title='bbox 475 3481 510 3538; x_wconf 89' lang='lat' dir='ltr'><strong>et</strong></span> <span class='ocrx_word' id='word_1_190' title='bbox 525 3473 687 3537; x_wconf 85' lang='lat' dir='ltr'><strong>doctrinae</strong></span> <span class='ocrx_word' id='word_1_191' title='bbox 704 3480 739 3536; x_wconf 93' lang='lat' dir='ltr'><strong>et</strong></span> <span class='ocrx_word' id='word_1_192' title='bbox 753 3473 874 3557; x_wconf 88' lang='lat' dir='ltr'><strong>judicii</strong></span> <span class='ocrx_word' id='word_1_193' title='bbox 891 3472 1007 3537; x_wconf 87' lang='lat' dir='ltr'><strong>fuisse.</strong></span> <span class='ocrx_word' id='word_1_194' title='bbox 1053 3473 1160 3536; x_wconf 88' lang='lat' dir='ltr'><strong>Plane</strong></span> <span class='ocrx_word' id='word_1_195' title='bbox 1183 3479 1294 3535; x_wconf 89' lang='lat' dir='ltr'><strong>antem</strong></span> <span class='ocrx_word' id='word_1_196' title='bbox 1318 3493 1370 3534; x_wconf 92' lang='lat' dir='ltr'><strong>ar·</strong></span> 
     </span>
     <span class='ocr_line' id='line_1_28' title="bbox 280 3573 1368 3655; baseline 0 -20"><span class='ocrx_word' id='word_1_197' title='bbox 280 3574 393 3648; x_wconf 90' lang='lat' dir='ltr'><strong>bitror,</strong></span> <span class='ocrx_word' id='word_1_198' title='bbox 419 3593 493 3636; x_wconf 89' lang='lat' dir='ltr'><strong>esse</strong></span> <span class='ocrx_word' id='word_1_199' title='bbox 517 3581 735 3637; x_wconf 88' lang='lat' dir='ltr'><strong>commentum</strong></span> <span class='ocrx_word' id='word_1_200' title='bbox 764 3573 924 3652; x_wconf 83' lang='lat' dir='ltr'><strong>hominis,</strong></span> <span class='ocrx_word' id='word_1_201' title='bbox 955 3573 1014 3655; x_wconf 92' lang='lat' dir='ltr'><strong>qui</strong></span> <span class='ocrx_word' id='word_1_202' title='bbox 1043 3593 1107 3636; x_wconf 93' lang='lat' dir='ltr'><strong>non</strong></span> <span class='ocrx_word' id='word_1_203' title='bbox 1132 3577 1199 3636; x_wconf 91' lang='lat' dir='ltr'><strong>tam</strong></span> <span class='ocrx_word' id='word_1_204' title='bbox 1222 3575 1368 3649; x_wconf 88' lang='lat' dir='ltr'><strong>verterit,</strong></span> 
     </span>
    </p>
   </div>
   <div class='ocr_carea' id='block_1_7' title="bbox 281 3666 1387 3758">
    <p class='ocr_par' dir='ltr' id='par_1_7' title="bbox 281 3666 1387 3758">
     <span class='ocr_line' id='line_1_29' title="bbox 281 3666 1387 3758; baseline 0.002 -24"><span class='ocrx_word' id='word_1_205' title='bbox 281 3691 380 3753; x_wconf 90' lang='lat' dir='ltr'><strong>quam</strong></span> <span class='ocrx_word' id='word_1_206' title='bbox 396 3674 568 3754; x_wconf 85' lang='lat' dir='ltr'><strong>scripserit</strong></span> <span class='ocrx_word' id='word_1_207' title='bbox 581 3674 713 3737; x_wconf 89' lang='lat' dir='ltr'><strong>Latine:</strong></span> <span class='ocrx_word' id='word_1_208' title='bbox 736 3674 838 3736; x_wconf 88' lang='lat' dir='ltr'><strong>immo</strong></span> <span class='ocrx_word' id='word_1_209' title='bbox 852 3675 910 3756; x_wconf 90' lang='lat' dir='ltr'><strong>qui</strong></span> <span class='ocrx_word' id='word_1_210' title='bbox 931 3673 1019 3738; x_wconf 92' lang='lat' dir='ltr'><strong>haud</strong></span> <span class='ocrx_word' id='word_1_211' title='bbox 1030 3673 1223 3736; x_wconf 76' lang='lat' dir='ltr'><strong>admodum</strong></span> <span class='ocrx_word' id='word_1_212' title='bbox 1243 3666 1387 3758; x_wconf 56' lang='lat' dir='ltr'><strong>‚Latine-</strong></span> 
     </span>
    </p>
   </div>
   <div class='ocr_carea' id='block_1_8' title="bbox 202 3772 1368 4354">
    <p class='ocr_par' dir='ltr' id='par_1_8' title="bbox 202 3772 1368 4354">
     <span class='ocr_line' id='line_1_30' title="bbox 280 3772 1366 3858; baseline 0 -23"><span class='ocrx_word' id='word_1_213' title='bbox 280 3772 426 3848; x_wconf 87' lang='lat' dir='ltr'><strong>sciverit,</strong></span> <span class='ocrx_word' id='word_1_214' title='bbox 452 3781 491 3835; x_wconf 89' lang='lat' dir='ltr'><strong>ut</strong></span> <span class='ocrx_word' id='word_1_215' title='bbox 518 3773 652 3836; x_wconf 91' lang='lat' dir='ltr'><strong>omnino</strong></span> <span class='ocrx_word' id='word_1_216' title='bbox 682 3775 715 3836; x_wconf 92' lang='lat' dir='ltr'><strong>in</strong></span> <span class='ocrx_word' id='word_1_217' title='bbox 743 3773 952 3857; x_wconf 81' lang='lat' dir='ltr'><strong>Glandorpio</strong></span> <span class='ocrx_word' id='word_1_218' title='bbox 978 3775 1142 3858; x_wconf 90' lang='lat' dir='ltr'><strong>judicium</strong></span> <span class='ocrx_word' id='word_1_219' title='bbox 1169 3774 1366 3848; x_wconf 86' lang='lat' dir='ltr'><strong>desiderem,</strong></span> 
     </span>
     <span class='ocr_line' id='line_1_31' title="bbox 202 3872 1368 3956; baseline 0.003 -22"><span class='ocrx_word' id='word_1_220' title='bbox 202 3911 211 3934; x_wconf 49' lang='lat' dir='ltr'><strong>a</strong></span> <span class='ocrx_word' id='word_1_221' title='bbox 280 3890 355 3936; x_wconf 88' lang='lat' dir='ltr'><strong>cum</strong></span> <span class='ocrx_word' id='word_1_222' title='bbox 370 3872 619 3936; x_wconf 88' lang='lat' dir='ltr'><strong>translationem</strong></span> <span class='ocrx_word' id='word_1_223' title='bbox 635 3892 709 3936; x_wconf 88' lang='lat' dir='ltr'><strong>eam</strong></span> <span class='ocrx_word' id='word_1_224' title='bbox 726 3872 869 3956; x_wconf 89' lang='lat' dir='ltr'><strong>Nepotis</strong></span> <span class='ocrx_word' id='word_1_225' title='bbox 889 3895 963 3938; x_wconf 88' lang='lat' dir='ltr'><strong>esse</strong></span> <span class='ocrx_word' id='word_1_226' title='bbox 978 3875 1129 3940; x_wconf 87' lang='lat' dir='ltr'><strong>credidit.</strong></span> <span class='ocrx_word' id='word_1_227' title='bbox 1174 3874 1316 3956; x_wconf 90' lang='lat' dir='ltr'><strong>Majoris</strong></span> <span class='ocrx_word' id='word_1_228' title='bbox 1332 3882 1368 3937; x_wconf 89' lang='lat' dir='ltr'><strong>et</strong></span> 
     </span>
     <span class='ocr_line' id='line_1_32' title="bbox 278 3971 1365 4057; baseline 0.003 -23"><span class='ocrx_word' id='word_1_229' title='bbox 278 3971 483 4048; x_wconf 87' lang='lat' dir='ltr'><strong>eruditionis,</strong></span> <span class='ocrx_word' id='word_1_230' title='bbox 498 3975 532 4035; x_wconf 90' lang='lat' dir='ltr'><strong>et</strong></span> <span class='ocrx_word' id='word_1_231' title='bbox 546 3971 731 4054; x_wconf 82' lang='lat' dir='ltr'><strong>elegantiae,</strong></span> <span class='ocrx_word' id='word_1_232' title='bbox 746 3980 796 4037; x_wconf 91' lang='lat' dir='ltr'><strong>est</strong></span> <span class='ocrx_word' id='word_1_233' title='bbox 808 3973 927 4056; x_wconf 86' lang='lat' dir='ltr'><strong>Dictys</strong></span> <span class='ocrx_word' id='word_1_234' title='bbox 938 3973 1124 4040; x_wconf 85' lang='lat' dir='ltr'><strong>Cretensis:</strong></span> <span class='ocrx_word' id='word_1_235' title='bbox 1144 3974 1261 4057; x_wconf 90' lang='lat' dir='ltr'><strong>dequo</strong></span> <span class='ocrx_word' id='word_1_236' title='bbox 1273 3981 1365 4056; x_wconf 89' lang='lat' dir='ltr'><strong>post·</strong></span> 
     </span>
     <span class='ocr_line' id='line_1_33' title="bbox 276 4071 1366 4157; baseline 0.002 -23"><span class='ocrx_word' id='word_1_237' title='bbox 276 4089 318 4134; x_wconf 88' lang='lat' dir='ltr'><strong>ea</strong></span> <span class='ocrx_word' id='word_1_238' title='bbox 332 4071 491 4134; x_wconf 86' lang='lat' dir='ltr'><strong>dicemus</strong></span> <span class='ocrx_word' id='word_1_239' title='bbox 536 4072 647 4136; x_wconf 85' lang='lat' dir='ltr'><strong>Dares</strong></span> <span class='ocrx_word' id='word_1_240' title='bbox 662 4073 826 4157; x_wconf 81' lang='lat' dir='ltr'><strong>Phrygius</strong></span> <span class='ocrx_word' id='word_1_241' title='bbox 841 4093 915 4138; x_wconf 91' lang='lat' dir='ltr'><strong>cum</strong></span> <span class='ocrx_word' id='word_1_242' title='bbox 935 4075 1017 4138; x_wconf 88' lang='lat' dir='ltr'><strong>alibi</strong></span> <span class='ocrx_word' id='word_1_243' title='bbox 1041 4076 1153 4138; x_wconf 86' lang='lat' dir='ltr'><strong>Mstus</strong></span> <span class='ocrx_word' id='word_1_244' title='bbox 1175 4081 1280 4150; x_wconf 85' lang='lat' dir='ltr'><strong>extat,</strong></span> <span class='ocrx_word' id='word_1_245' title='bbox 1295 4079 1366 4136; x_wconf 89' lang='lat' dir='ltr'><strong>tum</strong></span> 
     </span>
     <span class='ocr_line' id='line_1_34' title="bbox 277 4161 1365 4299; baseline 0.005 -67"><span class='ocrx_word' id='word_1_246' title='bbox 277 4169 534 4252; x_wconf 85' lang='lat' dir='ltr'><strong>Cantabrigiae,&#39;</strong></span> <span class='ocrx_word' id='word_1_247' title='bbox 525 4191 556 4233; x_wconf 91' lang='grc' dir='ltr'><strong>ιιι</strong></span> <span class='ocrx_word' id='word_1_248' title='bbox 577 4161 780 4238; x_wconf 79' lang='lat' dir='ltr'><strong>bibliotheca</strong></span> <span class='ocrx_word' id='word_1_249' title='bbox 796 4173 933 4250; x_wconf 84' lang='lat' dir='ltr'><strong>Gaiana,</strong></span> <span class='ocrx_word' id='word_1_250' title='bbox 955 4182 988 4240; x_wconf 94' lang='lat' dir='ltr'><strong>et</strong></span> <span class='ocrx_word' id='word_1_251' title='bbox 1007 4174 1169 4299; x_wconf 84' lang='lat' dir='ltr'><strong>Oxonii,</strong></span> <span class='ocrx_word' id='word_1_252' title='bbox 1160 4195 1192 4238; x_wconf 91' lang='grc' dir='ltr'><strong>ιιι</strong></span> <span class='ocrx_word' id='word_1_253' title='bbox 1216 4174 1365 4256; x_wconf 84' lang='lat' dir='ltr'><strong>Collegio</strong></span> 
     </span>
     <span class='ocr_line' id='line_1_35' title="bbox 278 4270 757 4354; baseline 0.006 -20"><span class='ocrx_word' id='word_1_254' title='bbox 278 4270 432 4336; x_wconf 90' lang='lat' dir='ltr'><strong>Omnium</strong></span> <span class='ocrx_word' id='word_1_255' title='bbox 448 4270 653 4338; x_wconf 86' lang='lat' dir='ltr'><strong>Animarum.</strong></span> <span class='ocrx_word' id='word_1_256' title='bbox 755 4349 757 4354; x_wconf 68' lang='lat'><strong>,</strong></span> 
     </span>
    </p>
   </div>
   <div class='ocr_carea' id='block_1_9' title="bbox 0 0 1572 4948">
    <p class='ocr_par' dir='ltr' id='par_1_9' title="bbox 0 0 1572 4948">
     <span class='ocr_line' id='line_1_36' title="bbox 0 0 1572 4948; baseline 0 6"><span class='ocrx_word' id='word_1_257' title='bbox 0 0 1572 4948; x_wconf 95' lang='lat' dir='ltr'><strong> </strong></span> 
     </span>
    </p>
   </div>
  </div>
 </body>
</html>
