3152 4950
294 362 362 428 2oe
652 373 811 426 niceros
835 373 1042 424 cerrensis

296 526 394 609 rsptn
409 534 518 584 rernm
535 518 715 584 alienarum
731 517 935 593 laetntcntnr,
957 517 1005 582 ito
1024 513 1173 582 maxime
1187 514 1298 583 dolori
1312 535 1391 584 esso

295 621 349 686 his
364 621 422 703 qui
436 619 617 686 emiserint
660 616 716 682 Ad
731 618 803 682 hoec
827 615 933 682 multu
956 617 1105 684 infauste
1129 617 1393 701 denetmdaque

296 713 441 788 Helenes
456 717 646 803 imprecari,
663 717 931 800 confirmareque,
946 736 983 782 se
999 725 1104 803 capto
1127 719 1203 792 Ilio,
1227 725 1305 786 aute
1321 738 1394 784 orn·

294 841 366 900 nes,
382 822 468 888 tenti
482 821 620 886 admissi
634 839 756 903 poenus
771 819 934 900 sauguine
943 817 1019 902 ejus
1035 825 1215 903 expetere:
1231 821 1276 886 oh
1287 839 1392 904 quum

295 924 416 1009 putris,
431 921 693 1006 parentibusque
708 939 838 997 careus,
861 920 1055 986 Patroclum
1067 921 1180 1000 etium,
1194 921 1394 988 solitudinis

296 1043 367 1092 sum
380 1024 535 1090 levamen
549 1022 744 1099 maximum,
759 1020 918 1087 amiserit.
956 1019 1038 1100 [24]
1054 1021 1145 1088 Dein
1159 1022 1394 1088 consilietum'

295 1145 372 1192 cum
396 1123 600 1208 supradictis
626 1121 769 1186 ducibus
784 1121 910 1202 surgit:
932 1121 1009 1205 quis
1024 1122 1179 1188 omnihus
1200 1142 1266 1188 nus
1287 1129 1393 1205 utque

295 1226 412 1292 endem
426 1225 592 1292 sententio
607 1229 670 1300 est,
686 1222 818 1288 scilicet
828 1223 881 1287 uti
892 1223 1047 1306 acceptis
1057 1242 1137 1306 quse
1150 1223 1253 1288 siluis
1267 1229 1393 1300 esseut,

294 1345 417 1410 corpus
439 1325 592 1390 exanime
606 1323 819 1390 concederet:
842 1323 934 1408 quod
960 1323 1019 1388 uhi
1044 1325 1129 1390 sutis
1153 1324 1296 1408 placuit,
1322 1325 1394 1408 sin·

294 1428 363 1510 guli
378 1427 423 1492 nd
437 1445 501 1492 sue
515 1425 657 1490 tentoria
669 1423 854 1490 discedunt.
891 1423 1046 1506 Moxque
1062 1424 1250 1508 Polyxena,
1263 1426 1392 1508 ingres·

294 1547 336 1594 so
351 1526 497 1606 Achille,
511 1527 671 1592 obvoluta
684 1525 825 1608 genibus
839 1521 924 1608 ejus,
939 1529 1059 1606 sponte
1072 1526 1245 1592 servitium
1260 1526 1314 1592 sni
1328 1547 1391 1609 pro

294 1629 508 1696 absolutione
515 1627 694 1694 cadaveris
704 1625 895 1709 pollicetur.
912 1623 991 1702 Quo
999 1625 1195 1708 spectaculo
1206 1624 1293 1694 adeo
1301 1645 1392 1692 conr·

292 1735 403 1794 motus
409 1729 556 1812 juvenis,
563 1733 601 1792 ut
609 1728 668 1811 qui
679 1725 927 1813 inimicissimus
934 1725 979 1790 oh
990 1732 1130 1792 mortem
1141 1727 1288 1793 Patrocli
1296 1727 1391 1792 Priu-

292 1849 349 1896 mo
364 1829 502 1914 ejusque
515 1849 618 1912 regno
633 1833 736 1906 esset,
759 1833 829 1892 tum
844 1827 1072 1894 recordatione
1085 1827 1190 1906 filies
1212 1847 1254 1893 ec
1273 1847 1390 1912 paren,

292 1931 371 2007 tis‚'
391 1951 433 1996 ne
447 1933 601 2015 lacrymis
615 1929 747 2013 quidem
762 1929 1005 2011 temperaverit.
1028 1928 1390 2014 linquemanuobletm

293 2031 503 2116 Polyxenam
513 2032 621 2114 erigit,
629 2029 792 2114 praedictu
802 2027 1138 2112 priusmmdataque
1146 2047 1228 2094 curn
1234 2028 1391 2094 thnici

293 2131 833 2218 superPriumo,ntdelnturetur.¹
858 2127 997 2194 Sedrex
1007 2129 1088 2196 nihil
1100 2149 1139 2194 se
1148 2130 1270 2207 luctus,
1280 2149 1391 2212 neque

291 2235 504 2318 praesentium
511 2229 951 2308 miseriarumremissnrnm,
961 2229 1026 2296 uit:
1037 2228 1260 2296 tumAchilles
1270 2229 1390 2294 confir.

291 2355 394 2414 maro,
404 2354 473 2400 nou
485 2336 577 2418 prius
593 2333 716 2417 cupitis
731 2331 806 2414 ejus
817 2330 902 2395 sctis
915 2330 1089 2409 sutorum,²
1104 2350 1205 2414 quam
1213 2338 1343 2396 mutato
1354 2332 1389 2396 in

290 2437 411 2502 melius
422 2436 551 2514 habitu,
562 2435 672 2500 cihum
683 2432 783 2497 etism
792 2451 906 2496 secum
916 2438 1071 2498 sumeret.
1114 2432 1168 2497 ltu
1177 2451 1239 2496 rex
1254 2433 1389 2510 veritus,

291 2557 333 2602 ne
344 2557 421 2621 qum
437 2555 604 2603 concesse
616 2531 902 2616 videbuntnripse
913 2533 1098 2598 recusando
1110 2531 1298 2616 impediret,
1309 2531 1387 2596 dein

292 2639 405 2702 omnia
413 2655 560 2722 qumque
571 2637 814 2718 imperarentur
823 2631 981 2696 iacienda
990 2631 1148 2696 decrevit.
1187 2629 1270 2710 [dh]
1283 2630 1388 2714 Igitur

222 2745 227 2752 '
291 2740 350 2803 uhi
360 2757 526 2804 excussus
541 2735 646 2802 comis
658 2733 781 2818 pulvis,
795 2737 952 2814 totusque
967 2731 1098 2798 leutus³
1122 2737 1187 2810 est,
1203 2750 1285 2796 mox
1299 2730 1386 2813 uju-
1449 2778 1459 2784 -

747 2939 927 2964 ΜΝΙΟΜΟ

208 3098 211 3103 -
292 3063 339 3110 -i
356 3059 400 3111 Sic
410 3057 525 3110 correxit
546 3055 672 3110 Obrecht.
690 3071 730 3106 ex·
740 3053 814 3104 Med.
832 3053 909 3118 vulgo
925 3055 1089 3116 delectaretur,
1104 3067 1181 3120 quern
1199 3053 1262 3103 lect.
1280 3049 1388 3102 exhibet

291 3125 435 3190 Delum-2
463 3123 558 3190 Delph.
589 3123 822 3183 mliusuctsrsnu-t
847 3117 945 3184 Delph.
977 3119 1095 3170 orm-c
1122 3117 1216 3184 Delph.
1243 3115 1385 3168 mistus.-

783 3293 891 3346 Nom

291 3415 357 3468 Qum
375 3419 526 3480 sequuntur,
537 3427 617 3478 risque.
627 3411 660 3462 sd
671 3411 748 3462 finem
759 3424 816 3460 crs·
857 3406 892 3456 mi
911 3404 1018 3456 nostro.'
1052 3406 1088 3456 Et
1103 3404 1172 3466 inde,
1186 3409 1215 3454 ut
1225 3403 1286 3454 olim
1296 3418 1311 3454 s
1322 3419 1384 3458 con·

290 3489 377 3542 tionis.
389 3504 421 3539 es
434 3489 495 3542 mihi
508 3487 628 3540 videntur
639 3489 729 3553 inepte
737 3493 766 3537 et
776 3485 817 3536 iu·
856 3481 965 3534 eulsndo
983 3481 1089 3546 Consul,
1099 3497 1115 3531 s
1125 3481 1283 3532 consiliando
1294 3482 1383 3532 Consi·

290 3563 357 3610 tilis.
635 3583 638 3588 ,
856 3557 965 3618 liuriue3
992 3555 1061 3620 quod
1084 3556 1189 3605 verbum
1211 3555 1291 3606 hebes
1313 3557 1383 3619 spud

323 3633 335 3657 '
351 3625 417 3674 Det'n
429 3625 588 3688 conciliatum]
614 3625 646 3674 Id
658 3627 818 3686 ethemmi-
856 3632 1006 3682 Suetonium
1015 3638 1043 3681 st
1052 3631 1115 3680 ulios
1127 3630 1291 3694 posteriores.
1314 3631 1382 3680 Item

291 3704 355 3760 tum.
388 3699 448 3750 Nou
459 3699 521 3748 mihi
532 3699 582 3749 fuit
593 3701 683 3764 religio
698 3699 816 3762 recipere
855 3704 1038 3762 ‘consiliarie’
1055 3704 1125 3770 spnd
1142 3705 1254 3767 Paulum
1272 3705 1346 3758 lec.
1357 3719 1382 3754 v.

290 3772 457 3827 huncvocent
473 3774 500 3824 in
515 3780 624 3838 utroque
643 3775 816 3838 menurcriptn
856 3782 890 3834 de
902 3779 979 3832 offic.
993 3778 1093 3830 Ammo.
1113 3780 1216 3830 Mereor.

289 3851 432 3912 inventum,
443 3864 494 3899 non
504 3849 584 3913 megia
596 3863 672 3913 quum
683 3850 744 3898 siris
755 3851 816 3900 doc·
888 3863 905 3888 v
916 3855 1142 3919 Reccrdutiosefllii
1149 3870 1178 3908 cc
1184 3853 1303 3918 westie]
1313 3853 1383 3906 uec·

291 3925 335 3988 tir,
344 3925 370 3974 in
380 3925 518 3990 Cererem.
527 3925 602 3974 Bello
611 3925 667 3974 Civ.
679 3925 816 3980 ‘Multum
856 3930 930 3980 toris.
962 3929 1072 3980 Sedent
1087 3930 1129 3980 hic
1146 3937 1256 3993 propter
1271 3929 1382 3992 Polyxo.

290 4015 341 4064 qus
352 4016 411 4052 cum
422 4001 632 4052 euisccnriliendi
643 4015 816 4052 csussrecrs·
856 4019 916 4058 nem
935 4005 1020 4068 potius
1038 4004 1162 4056 Hectoris
1180 4012 1208 4054 et
1226 4004 1323 4058 Priami
1341 4018 1381 4054 re·

290 4083 319 4124 tc
330 4084 427 4140 preter
438 4077 649 4144 consuetudinem
660 4077 816 4142 colloquere·
855 4080 977 4130 cordetur
985 4079 1110 4142 Achilles,
1120 4093 1196 4145 quum
1205 4085 1314 4144 propter
1321 4093 1382 4130 suu.

293 4151 356 4200 tur!
385 4152 462 4209 Item,
478 4153 551 4204 ‘hec
565 4149 760 4204 consiliantibus
778 4151 816 4202 eis
854 4156 914 4206 dem
927 4155 1075 4208 Priemumi
1088 4163 1161 4206 certe
1170 4162 1234 4219 putu
1245 4155 1382 4220 scripsisse

291 4226 426 4279 nuntietur
435 4235 573 4294 equstorer
584 4227 617 4280 rh
629 4227 745 4294 equitatu
757 4242 813 4294 urc-
854 4231 964 4296 Dictyn,
975 4229 1051 4284 ‘tiis
1063 4245 1095 4287 sc
1103 4229 1245 4302 trecentis?¹
1371 4287 1374 4292 ,
