3136 4948
296 347 341 416 82
482 329 489 339 '
738 359 825 408 nun.
848 351 959 406 surus

298 529 389 576 nova
402 531 420 574 e
433 511 576 580 ¹stillanti
598 509 734 577 vulnere
749 491 949 591 e'mergerent
965 505 1089 589 capita,
1097 504 1268 570 fabulatur
1283 503 1391 588 Apol·

299 609 625 678 lodorus.Biblioth.
645 627 684 673 rr.
815 621 819 628 '
1256 613 1259 620 '

343 707 458 794 Hujus
472 715 583 774 autem
599 709 728 791 Hydrae
744 708 789 772 fel
805 712 874 773 erat
896 714 998 772 tantae
1021 703 1245 787 malignitatis,
1259 710 1299 768 ut
1321 703 1392 786 spi·

300 811 374 876 cula
388 830 431 874 eo
448 810 552 874 tincta
565 810 702 875 vulnera
724 809 912 891 infligerent
929 806 1139 878 insanabilia.
1183 805 1324 868 Diodor.
1340 820 1392 868 ιν.

298 910 353 972 ll.
369 910 534 993 Hyginus.
549 909 603 973 30.
619 909 703 972 Fab.
720 907 860 986 Seneca,
881 907 929 972 Η.
943 907 1020 970 Fur.
1036 906 1130 969 1359.
1153 908 1189 968 ut
1202 911 1236 971 et
1248 905 1393 987 AEsnby·

298 1009 363 1086 lus,
380 1009 559 1086 Pindarus,
573 1011 632 1074 duc.

342 1109 508 1174 Nummus
537 1111 591 1174 bic
616 1115 666 1174 est
691 1109 928 1186 Phaestiorum,
953 1109 987 1172 in
1017 1107 1138 1188 Creta3
1174 1125 1273 1190 quem
1298 1103 1393 1169 dedit

298 1209 410 1276 Graec.
427 1211 572 1277 Insular.
586 1213 618 1276 7.
642 1211 730 1276 Tab.
753 1210 847 1276 Hub.
871 1210 1034 1287 Goltzius,
1059 1217 1095 1272 et
1116 1209 1191 1272 225.
1214 1207 1394 1272 illustravit

301 1310 385 1374 Lud.
402 1309 569 1375 Nunnius.

629 1543 721 1607 XX.
764 1541 1067 1607 EURYPYLUS.

681 1692 725 1756 Lr
734 1710 763 1757 n.
780 1709 830 1756 rv.
854 1692 943 1756 Gla.
962 1693 1013 1756 14.

300 1872 412 1936 ‘Inter
425 1892 500 1954 quae
515 1875 654 1937 nuncius
665 1871 802 1938 Priamo
818 1873 1022 1958 supervenit,
1036 1873 1242 1956 Eurypylum
1252 1873 1407 1956 Telephi·

341 1993 382 2037 ex
406 1973 532 2038 Moesia
555 1975 745 2051 adventare,
769 1996 867 2058 quem
894 1993 953 2038 rex
982 1975 1098 2038 multis
1124 1981 1221 2038 antea
1242 1973 1394 2038 illectum

285 2129 287 2132 .
341 2072 490 2156 praemiis
514 2073 557 2136 ad
583 2079 782 2156 postremum
798 2070 966 2138 oblatione
990 2073 1169 2156 desponsae
1186 2071 1392 2138 Cassandrae

340 2172 613 2238 confirmaverat?

341 2305 593 2383 Eonrrrnus
606 2305 694 2370 filius
704 2304 846 2389 Telephi
857 2313 892 2369 et
903 2305 1088 2402 dstyocbae
1104 2304 1197 2390 (quae
1213 2324 1307 2368 soror
1319 2304 1396 2368 Pri-

298 2401 382 2487 ami)
401 2409 537 2487 propter
566 2425 712 2469 amorem
728 2405 926 2486 Cassandrae
952 2406 1108 2489 Trojanis
1134 2425 1237 2489 opem
1261 2407 1394 2486 serens;

299 2503 499 2568 adducendo
515 2503 673 2582 Cetheos,
689 2506 813 2588 quibus
834 2506 1021 2588 imperabat
1036 2509 1081 2571 ad
1097 2506 1238 2570 Caicum
1253 2525 1395 2570 amnem.

299 2602 343 2679 Q.
359 2602 565 2685 Smyrnaeus,
582 2620 634 2668 vr.
649 2605 726 2667 121.
1333 2594 1336 2598 ⁴

343 2702 425 2765 Fuit
453 2709 564 2766 autem
585 2705 836 2786 pulcherrimus,
867 2706 1019 2771 Homero
1048 2713 1146 2783 teste,
1176 2707 1266 2790 apud
1295 2726 1396 2789 quem

298 2800 382 2886 (Od.
406 2815 435 2866 λ.
463 2800 556 2886 519.)
591 2804 674 2868 inter
710 2805 888 2870 infernales
921 2808 1072 2870 umbras·
1085 2809 1229 2872 occurrit
1265 2807 1395 2887 Ulyssi.

300 2902 368 2966 Sed
391 2907 424 2964 et
449 2903 603 2980 bellator,
619 2906 653 2966 in
676 2905 804 2986 praeliis
825 2907 986 2988 plurimos
1017 2907 1158 2972 Graecos
1186 2907 1395 2983 interimens,

298 3001 504 3086 tandemque
521 3011 631 3068 tamen
646 3005 732 3086 ipse,
748 3004 875 3088 Pyrrho
890 3007 1039 3088 feriente,
1055 3009 1268 3072 occumbens.
1296 3007 1395 3072 Idem

300 3099 492 3180 Smyrnaeus
508 3102 665 3168 vr1.180.
694 3171 695 3175 ,
1119 3176 1120 3184 .

307 3275 309 3282 Ι
343 3198 493 3266 Cernitur
508 3201 697 3288 Eurypylus
712 3205 747 3268 in
763 3205 1038 3288 Pergamenorum
1062 3207 1287 3286 Numismate,
1303 3208 1395 3290 apud

299 3298 422 3366 Ezecb.
448 3287 699 3382 Spanhemium‚
728 3307 768 3370 de
797 3305 900 3372 Num.
926 3325 978 3370 us.
1000 3315 1034 3374 et
1061 3307 1238 3373 Praestent.
1255 3325 1290 3374 v.
1317 3309 1395 3373 479.

301 3400 468 3463 Hadriani
484 3400 572 3484 Imp.
587 3397 738 3488 tempore
758 3425 929 3487 percusso.
972 3401 1070 3472 Unde
1096 3409 1243 3492 Begerus
1269 3409 1396 3491 Perga·

299 3521 426 3592 menos,
449 3501 623 3567 Hadriano
647 3509 942 3590 supparasitautes,
956 3508 1097 3593 ejusque
1121 3513 1269 3591 favorem
1291 3523 1402 3576 aaroni

300 3605 431 3684 pantes,
448 3603 481 3664 iu
498 3602 673 3703 Eurypylo
695 3605 764 3669 fere
780 3605 916 3674 Antinoi
938 3608 1145 3678 dilectissimi
1166 3611 1306 3694 effigiem
1334 3633 1396 3678 ex-

301 3703 478 3784 pressisse,
494 3722 560 3769 non
576 3705 781 3786 ineleganter
804 3705 952 3790 conjicit.
