3112 4950
282 327 349 400 ΒΘ
634 341 796 392 urentes
819 341 1027 398 caurensis
1090 322 1092 328 '

282 487 393 552 refert.
438 485 491 552 Ob
514 505 590 570 quse
608 483 736 568 junctis
759 485 813 552 his
838 484 1054 562 insonando,
1077 485 1135 554 ubi
1159 503 1312 552 seorsum
1334 491 1378 554 ah

283 590 404 654 ceteris
421 588 652 671 Menalippum
667 587 771 666 videt,
795 607 935 670 eumque
957 593 992 652 et
1014 588 1119 670 paulo
1142 593 1220 672 post
1242 590 1377 656 fratrem

280 691 354 775 ejus
369 692 550 766 insecutus,
564 687 736 754 interficit:
759 688 803 754 ad
814 695 829 736 4
842 709 980 772 qnorum
1000 691 1243 772 inquisitionem
1259 693 1377 758 servus

283 791 418 875 quidam
428 791 569 876 Cinyras
580 791 725 868 nomine,
735 810 892 875 perquam
904 790 1003 867 fidus,
1016 791 1243 872 proiectus,in
1259 813 1377 861 manns

277 894 416 976 juvenis
431 893 574 970 devenit,
589 894 922 977 comprehensusque,
936 892 1102 958 Acastum
1118 893 1219 966 affore
1233 897 1377 974 nuntiat,
1398 929 1403 941 Δ

283 1002 384 1079 atque
412 995 461 1060 ita
490 995 687 1062 occiditur.·
726 996 785 1073 [9.]
822 995 942 1078 Itaque
973 995 1220 1080 Neoptolemus
1248 1003 1377 1064 mutata

281 1097 429 1181 Phrygia
443 1095 564 1174 veste,'’
579 1105 740 1181 tanquam
761 1097 850 1164 filius
874 1098 1000 1162 Priami
1023 1096 1202 1176 Mestum
1225 1100 1282 1181 qni
1297 1119 1377 1182 eap-

281 1199 371 1264 tirus
386 1220 462 1265 curn
482 1199 611 1288 Pyrrho
633 1201 677 1266 ad
700 1221 742 1266 ea
765 1201 841 1266 loca
864 1202 1090 1282 navigaverat,
1107 1201 1236 1266 Acasto
1256 1203 1377 1266 obuius

281 1303 387 1378 venit,
417 1303 516 1384 eique
532 1303 679 1385 ,quinam
709 1310 799 1370 esset
826 1303 963 1375 indicat,
994 1310 1028 1370 et
1057 1302 1316 1388 Neoptolemum
1343 1305 1378 1367 in

281 1403 446 1485 spelunca
469 1403 643 1486 fatigatum
668 1406 803 1488 navigio
825 1403 1034 1489 somnoqued
1051 1405 1175 1490 jacere.
1220 1405 1275 1470 Ob
1298 1424 1376 1488 qum

281 1507 404 1570 anxius
419 1504 580 1582 Acastus,
605 1509 790 1590 opprimere
814 1527 916 1590 quarn
937 1509 1201 1574 inimicissimum
1225 1509 1378 1590 cupiens,

281 1605 324 1670 ad
339 1607 536 1690 speluncam
556 1609 676 1690 pergit,
699 1615 798 1692 atque
818 1612 853 1674 in
876 1612 952 1694 ipse
974 1611 1068 1676 aditu
1092 1631 1114 1676 u
1127 1599 1282 1687 Thetide,
1299 1629 1378 1692 quae

281 1709 325 1776 ud
342 1729 383 1774 ea
397 1710 476 1774 loca
488 1709 687 1792 inquisitum
703 1710 806 1775 Pelea
817 1718 961 1790 venerat,
983 1731 1018 1776 re
1035 1713 1169 1796 cognita
1180 1712 1378 1795 reprimitur.

281 1811 385 1888 Dein,
399 1812 531 1878 eunctis
544 1832 620 1896 quse
638 1812 814 1878 adversum
828 1813 963 1880 domum
979 1815 1123 1879 Achillis
1135 1815 1245 1896 inique
1264 1821 1299 1877 et
1319 1811 1379 1876 ad-

281 1931 415 1978 uersum
429 1915 483 1980 fas
507 1921 656 1997 gesserat
677 1917 896 1993 enumeratis„
911 1915 1157 1999 increpitum,⁶⁰
1181 1915 1225 1980 ad
1247 1921 1379 1999 postre-

282 2033 373 2078 mum
387 2015 569 2080 intercessu
585 2035 657 2093 suo,
681 2015 835 2080 manibus
852 2018 985 2101 juvenis
1005 2018 1146 2082 liberat:
1169 2015 1378 2102 persuadens

281 2118 408 2200 nepoti,
420 2122 478 2182 utr
493 2137 533 2181 ne
549 2117 710 2199 sanguine
725 2116 863 2182 ulterius
875 2118 972 2182 ulcisi
988 2126 1125 2202 cuperet
1138 2137 1179 2182 ea
1195 2137 1271 2201 quae
1286 2125 1380 2181 ante-

282 2227 462 2284 cesserant.
506 2219 628 2304 Itaque
645 2217 804 2296 Acastus,
819 2221 877 2284 ubi
896 2239 932 2283 se
946 2227 1067 2304 praeter
1082 2240 1178 2304 spem
1201 2221 1379 2284 liberatum

185 2371 191 2385 .
283 2321 523 2401 animadvertit,
549 2327 669 2406 sponte
696 2325 730 2386 et
753 2321 847 2386 illico
870 2329 991 2386 cuncta
1012 2319 1126 2405 regnif
1150 2321 1380 2405 Neoptolemo

282 2424 396 2488 tradit.
438 2423 523 2489 Inde
539 2424 687 2507 juvenis,
702 2443 779 2488 cum
792 2422 878 2488 avo8
893 2423 1099 2507 reliquisque
1114 2425 1172 2508 qui
1190 2443 1304 2488 secum
1319 2443 1378 2487 na-

282 2527 484 2608 vigaverant,
499 2545 660 2590 summam
677 2526 768 2608 regni
780 2523 932 2608 adeptus,
942 2525 976 2589 in
992 2526 1163 2590 civitatem
1175 2525 1277 2589 venit.
1322 2525 1378 2588 Ibi

283 2629 445 2692 acunctis
460 2629 691 2711 popularibus,
715 2628 838 2712 quique
857 2625 961 2709 juxta
982 2627 1208 2691 inhabitantes
1233 2627 1297 2690 sub
1319 2629 1378 2690 im·

746 2837 927 2862 uum

315 2957 331 3001 4
347 2953 443 3016 Delph.
458 2954 541 3003 in.—o
558 2954 654 3016 Delph.
673 2960 701 3004 at
712 2956 782 3018 vnlq.
797 2957 942 3008 Nestou-ti
958 2955 1052 3020 Delph.
1063 2955 1089 3005 in
1101 2961 1225 3006 contextu
1235 2958 1377 3021 termeprtrrs·

282 3033 339 3082 qroe:
355 3018 401 3070 sed
413 3032 438 3069 v.
450 3025 504 3068 not.
516 3016 610 3069 intent
628 3017 775 3071 Delendurn
788 3021 912 3087 vinding.
930 3027 1005 3086 putat
1021 3021 1140 3072 voculam
1155 3025 1242 3072 rat-8
1259 3024 1324 3072 Post
1334 3037 1377 3072 arr

774 3231 883 3283 NOTAE

312 3373 325 3412 b
342 3373 810 3440 MutataPhrpgiaeette]1dest,sum·
850 3376 933 3440 ipsum
951 3373 1106 3425 desiderium
1124 3375 1277 3433 dormiendi,
1295 3375 1378 3428 l'erreie

283 3459 310 3502 tr
328 3451 451 3515 Phrygia·
463 3460 551 3514 veste;
578 3451 735 3502 Locrensem
753 3467 811 3503 eum
850 3453 879 3501 tle
889 3452 986 3500 tamir.
1003 3453 1062 3504 Quo
1073 3451 1149 3500 'semu
1158 3465 1204 3500 nos
1215 3451 1295 3500 etiem
1307 3451 1378 3520 rrsnrss¹

282 3526 397 3592 Phrygia
408 3527 527 3578 mutarit·
541 3526 543 3530 '
851 3525 1379 3596 paniusncrtrnmsommeilrdicimnsenim,

314 3606 326 3634 ⁶
352 3601 430 3667 Filias
456 3601 551 3650 Priami
577 3601 670 3651 Mertor
696 3601 811 3666 [Nestor]
850 3601 1104 3652 aecrrbltdescmmeit.

282 3677 388 3728 Nullum
409 3677 514 3726 Priamo
532 3675 611 3726 luisse
632 3677 713 3728 lilium
736 3686 810 3744 puto,
883 3677 1068 3740 Numquam]
1096 3675 1376 3742 Lego,‘inerepatnm·

283 3753 401 3806 Nestoris
413 3752 523 3802 nomine.
548 3752 674 3804 Libenter
684 3755 810 3806 rescribe-
851 3753 934 3820 que3'
962 3753 994 3802 tle
1024 3753 1135 3802 Thetide
1161 3751 1229 3803 enim
1257 3753 1377 3818 loquitur,

282 3844 346 3888 rem,
361 3831 463 3880 Mentor.
497 3827 638 3878 Mestorem
657 3831 725 3880 euim
742 3833 811 3882 inter
851 3845 908 3894 quse
923 3829 1080 3880 enumeratis
1096 3829 1205 3892 crunctis,
1216 3833 1279 3894 qrrae'
1288 3828 1378 3877 adver·

281 3905 379 3964 Priami
388 3903 453 3954 filias
462 3911 600 3954 numerant
612 3911 722 3956 veteres.
851 3919 905 3954 sum
923 3904 1024 3954 domum
1038 3904 1145 3954 Achillis
1161 3903 1249 3968 inique
1261 3909 1378 3968 gesserat

227 4008 228 4012 =
312 3963 483 4044 ‘Notissima
498 3981 810 4046 magiscampum
850 3981 972 4042 Acastus,
983 3980 1145 4044 increpatum
1161 3993 1219 4028 eum
1236 3977 1379 4028 intercessu

284 4055 378 4122 lieret.
401 4061 409 4086 ⁴
421 4057 492 4106 Ludo
504 4055 694 4122 fatigatumque
706 4059 811 4109 somno.'
849 4071 896 4107 suo
905 4057 998 4106 liberat
1011 4055 1150 4106 emenibus
1161 4053 1338 4118 Neoptolemi.

284 4132 337 4183 Qui
356 4134 426 4182 locus
439 4133 533 4182 multoe
547 4133 704 4196 interpretes
719 4135 810 4196 tersit3
881 4129 891 4166 ¹
907 4131 1087 4197 Cunctaregai]
1103 4129 1378 4192 subauditnrfnege·

284 4207 580 4273 quaerereturque
595 4207 811 4260 ‘romaum'esre
850 4208 894 4260 tia.
1284 4204 1287 4212 ’
1362 4213 1366 4220 ’
