3178 4948
287 390 357 458 lua·
580 415 585 424 ·
635 402 1030 453 nroruoseanruusrs

289 552 344 616 his
359 549 447 616 loeis
462 547 662 633 imperitare,
678 547 805 614 fiducia
827 547 1055 631 cognationis*
1076 545 1120 612 ad
1143 565 1219 611 eum
1234 547 1383 627 veniunt,

289 653 387 735 eique
403 651 539 734 quinam
554 654 672 726 essent,
694 655 728 714 et
743 649 939 732 quibuscum
961 650 1185 731 navigassent,
1208 667 1384 732 aperuere.

290 753 400 817 Dein²
421 753 527 816 multa
552 751 698 814 invicem
720 757 896 816 consumta
922 752 1085 828 oratione,
1108 751 1152 814 ad
1177 757 1385 832 postremum

289 853 390 917 nostri
405 854 520 918 acrius
531 853 700 930 incusare,
721 852 811 935 quod
836 859 904 916 iam
930 853 1096 916 hostiliter
1110 851 1285 916 adversum
1302 869 1387 915 snos

288 961 488 1018 versaretur.
532 953 813 1033 Agamemnonem
826 973 970 1038 namque
985 958 1018 1016 et
1033 953 1225 1016 Menelaum
1243 951 1386 1034 Pelopi-

290 1055 363 1132 das,
378 1075 442 1119 non
459 1056 586 1119 alienos
601 1055 754 1128 generisu
779 1053 844 1125 sui,
866 1071 942 1114 eum
962 1053 1147 1116 exereitum
1163 1051 1386 1117 contraxisse.

290 1156 479 1234 Dein'quee
493 1151 581 1214 circa
602 1148 736 1212 domum
753 1147 899 1212 Menelai
922 1151 965 1214 ab
982 1150 1177 1218 Alexandro
1200 1151 1387 1218 commissa

279 1257 628 1333 'essent‚‚raptumque
645 1248 788 1314 Helena
804 1249 945 1315 docent:
968 1253 1011 1316 ob
1026 1261 1125 1333 quae³
1150 1253 1271 1318 decere
1291 1273 1383 1332 eum,

289 1373 367 1418 cum
384 1357 518 1435 propter
533 1351 864 1432 consanguinitatem,
878 1357 947 1415 tum
962 1353 1132 1436 praecipue
1146 1353 1191 1417 oh
1206 1356 1318 1418 scelus
1333 1355 1386 1418 vi·

290 1455 372 1519 olati
388 1451 743 1534 communishospitii,
760 1451 893 1516 Graecis
915 1453 1000 1518 ultro
1021 1454 1132 1516 serre4
1154 1453 1328 1532 auxilium,
1351 1456 1386 1518 in

290 1574 428 1638 quorum
450 1553 615 1636 gratiamv
637 1553 746 1635 ipsius
761 1555 859 1616 etiam
875 1551 1037 1617 Herculis
1063 1555 1207 1636 plurima
1231 1553 1387 1619 laborum

290 1662 506 1721 monumenta
520 1674 579 1738 per
601 1659 706 1718 totam
721 1652 891 1718 Graeciam
913 1654 1118 1719 existerent.⁵
1161 1653 1218 1718 Ad
1233 1673 1277 1718 ea
1289 1655 1388 1719 Tele·

290 1758 379 1841 phus
392 1756 486 1822 :etsi
499 1755 613 1826 dolore
630 1755 773 1819 vulneris
787 1755 963 1820 immodice
986 1754 1220 1834 afflictabatur,
1242 1757 1388 1837 benigne

287 1867 403 1940 tamen
419 1856 635 1940 respondens,
650 1858 800 1940 ipsorum
814 1858 928 1940 potius
952 1857 1000 1920 ait
1022 1859 1123 1940 culpa
1136 1858 1275 1934 lactum,
1290 1857 1385 1940 quod

291 1959 523 2034 amicissimos,
544 1965 579 2021 et
599 1959 734 2041 junetos
754 1959 820 2021 sihi
847 1958 979 2038 generis
1001 1957 1171 2036 affinitate,
1193 1977 1295 2040 regno
1320 1977 1386 2022 suo

291 2059 451 2142 appulsos
461 2059 668 2139 ¹ignoraverit
680 2078 687 2123 :
700 2057 950 2143 praemittendos
963 2059 1084 2122 etenim
1098 2059 1216 2136 luisse,
1227 2078 1286 2142 per
1297 2077 1399 2141 quos

290 2161 426 2252 cognito
441 2179 555 2224 eorum
568 2159 712 2224 adventu
728 2159 863 2224 obviam
879 2161 928 2222 ire
938 2159 1166 2240 “gratulantem
1183 2161 1401 2242 oportuerite

290 2269 394 2344 atque
422 2261 530 2326 amice
559 2261 707 2342 hospitio
732 2266 899 2343 receptos,
929 2260 1137 2344 donatosque
1162 2261 1388 2337 muneribus,w

199 2411 201 2416 ,
290 2381 369 2426 eum
397 2361 609 2426 commodum
632 2361 718 2444 ipsis
735 2361 915 2438 videretur,
934 2362 1110 2429 remittere.
1155 2360 1310 2438 Ceterum
1327 2363 1390 2424 mi-

289 2461 395 2526 litiam
410 2463 581 2526 Priamum
593 2463 784 2527 adversum¹
799 2479 971 2528 recusare:
984 2462 1193 2546 Astyochen⁶
1208 2463 1296 2526 enim
1313 2462 1388 2526 Pri·

291 2565 409 2639 ami,⁷y
427 2555 492 2628 sibi
502 2564 716 2628 matrimonio
728 2566 891 2648 junctam,
901 2583 946 2628 ex
957 2584 1026 2649 qna
1040 2564 1228 2648 Eurypylus
1242 2564 1389 2645 genitus,

1309 2698 1311 2706 ¹
1385 2695 1391 2724 i

740 2741 928 2766 “enmono

287 2874 391 2931 'poa-4
409 2869 504 2933 Delph.
523 2871 673 2930 adferre-5
697 2871 795 2937 Delph.
813 2875 971 2926 celsima-c
991 2872 1089 2937 Delph.
1107 2871 1305 2935 detrectem-l
1322 2871 1389 2920 Post

789 3047 899 3100 NOTAE

323 3157 452 3208 lFiducia
471 3160 631 3226 oogsotimis]
659 3162 727 3212 Nom
746 3164 820 3214 Tele·
860 3163 1002 3213 Herculem
1013 3161 1073 3212 olim
1083 3161 1160 3210 Ilium
1169 3158 1309 3222 obsedisse,
1322 3160 1390 3212 Loc-

291 3233 356 3295 phus
372 3247 460 3282 eorum
480 3243 536 3284 erat
555 3239 706 3296 avunculus,
726 3252 820 3303 nempe
859 3239 1006 3288 medentem
1018 3234 1198 3285 interfecisse?
1215 3235 1262 3282 &a
1334 3247 1337 3254 ’

289 3307 371 3357 frater
382 3308 509 3372 Thessali,
520 3324 608 3360 eorum
621 3313 711 3376 patris.
891 3321 907 3346 ν
924 3313 1076 3374 Boeotosque
1086 3308 1232 3370 muneribus]
1248 3309 1313 3360 Qua
1329 3309 1390 3358 ideo

322 3391 334 3415 ⁸
351 3384 407 3430 Non
418 3385 507 3434 olieaos
521 3387 628 3450 genem]
649 3389 715 3438 Nom
726 3390 818 3438 Tanta·
860 3383 1390 3449 Xenisdicebantur‚queddarenturHos·

289 3459 330 3504 lus
346 3457 451 3521 Pelopis
469 3463 660 3523 percusionis
677 3463 744 3512 tilius
759 3462 820 3526 init,
858 3462 964 3525 pitihus,
974 3463 1017 3525 qui
1027 3459 1127 3510 Graecis
1139 3461 1147 3488 ‘
1157 3456 1259 3508 Xenoi!

289 3537 318 3580 et
334 3533 371 3578 ita
389 3531 470 3581 frater
482 3535 612 3594 Herculis,
622 3535 665 3598 qni
676 3538 819 3596 Telephum
889 3545 903 3570 ¹
919 3537 1044 3586 Priamum
1062 3533 1199 3596 noverum]
1215 3533 1280 3591 Pro,
1297 3533 1389 3580 adver-

290 3606 415 3668 suseepit.
450 3606 534 3670 igitur
544 3609 641 3671 Pelops
650 3615 678 3656 et
688 3599 819 3671 Telephus
857 3622 911 3656 sum
932 3610 1077 3657 Priamum:
1094 3611 1132 3656 sic
1150 3619 1237 3670 supro,
1250 3609 1389 3670 ‘quosne-

278 3677 446 3748 ¹consobrini.
463 3682 640 3745 Agamemnon
651 3699 711 3734 vero
722 3691 749 3733 et
760 3685 818 3734 Me·
860 3682 978 3746 versum,’
996 3697 1042 3746 pro
1059 3681 1215 3731 ‘aduersum
1226 3686 1308 3746 quos!
1391 3697 1396 3704 ·

290 3757 380 3805 nelaus
412 3753 561 3806 Plisthenis·
587 3757 641 3821 filli,
673 3759 818 3809 Plisthenes
890 3757 1053 3820 russonum
1073 3758 1134 3808 mun
1158 3757 1264 3820 Priami]
1297 3759 1390 3810 Filium

290 3831 376 3893 Atrei,
388 3832 481 3880 Atreus
493 3831 606 3896 Pelopis.
860 3831 968 3882 seilicet.
1002 3833 1154 3897 At'l'elephi
1165 3832 1269 3896 quidem
1280 3847 1389 3884 uxorem

322 3915 334 3939 v
352 3908 381 3954 ln
394 3922 492 3970 quoram
500 3907 618 3970 grmmoo]
637 3907 683 3958 Ait
696 3909 818 3971 plurimos
860 3908 1009 3973 Astyochen
1021 3917 1098 3960 vocnt
1117 3910 1238 3958 Eustath.
1253 3909 1279 3958 in
1290 3910 1390 3973 Odyss.

289 3981 817 4046 laboremgrariamGraecorumabflar-
858 3993 885 4033 Δ.
917 3987 1037 4036 sedeam
1049 3986 1395 4046 Priamisororem,nonfi·'

290 4059 347 4105 eule
357 4059 512 4120 exantlatos,
526 4059 596 4107 utab
606 4061 725 4123 exemplo
738 4061 818 4120 putris
859 4063 1001 4112 liamdielt.
1029 4062 1245 4111 Aliirerioseam
1256 4062 1389 4112 Laodicen

290 4133 496 4184 euminmilitiae
515 4135 665 4185 societatem
685 4137 818 4200 pertrahe·
860 4145 962 4200 vocant,
987 4151 1063 4202 quarn
1085 4136 1182 4186 Priami
1204 4135 1283 4185 liliam
1305 4136 1398 4184 fuisse*

291 4215 340 4258 ret.
368 4207 419 4258 Sed
431 4225 476 4260 eur·
489 4226 538 4261 non
552 4211 634 4276 potius
647 4213 707 4276 isto,
718 4211 818 4262 seilicet
859 4227 947 4263 omnes
958 4212 1128 4264 consentiunt.
