3178 4948
302 327 368 392 100
668 329 829 382 nrurroe
851 326 1056 379 onerarere

304 484 464 566 Ulysses,
484 486 518 546 et
541 477 741 544 Menelaus:
767 475 915 558 hisque⁵
940 470 1127 549 mandatur,
1159 473 1198 532 nt
1222 467 1405 550 conquesti

303 585 454 668 injurias,
477 581 659 656 Helenam,
681 583 715 643 et
729 595 807 660 qnae
818 583 840 612 ³¹
854 593 930 640 oum
946 593 990 638 ea
1004 573 1141 653 abrepta
1155 573 1257 646 erant,
1271 573 1404 649 repete-

302 693 383 752 rent.
428 683 489 767 [5.]
511 679 655 765 Legati⁶
675 677 797 762 paneis
812 674 948 740 diebue¹²
970 673 1012 736 ad
1028 671 1165 754 'l'rm'am
1181 669 1330 744 ueniunt,
1344 685 1403 730 ne·

304 807 371 870 qno
393 793 486 850 tum⁷
508 782 738 850 Alexandrum
761 783 796 846 in
817 779 894 842 loco
910 775 1087 840 offendere.
1132 771 1242 836 Eum⁸
1257 789 1404 852 namque

302 888 537 972 properatione
565 887 691 968 navigii
713 881 904 948 inconsulte
928 897 1023 942 nsum
1038 875 1156 940 venti⁰
1183 874 1228 938 ad
1251 871 1405 955 Cyprum

759 1056 947 1081 ΟΜΜΜ

303 1183 353 1228 -e
369 1180 467 1228 Vocem
483 1177 570 1240 Lsgdi
586 1175 684 1226 omittit
699 1176 843 1240 Delph-i
861 1174 956 1238 Delph.
974 1175 1110 1222 terren-8
1127 1169 1225 1234 Delph.
1245 1167 1339 1218 Μ.
1350 1167 1406 1216 mni

303 1244 390 1294 reatu.
423 1243 515 1292 Barth.
537 1241 673 1306 legendum
696 1241 827 1306 proponit,
848 1240 915 1290 Dum
931 1255 957 1288 ιι.
974 1251 1075 1300 propere
1097 1235 1202 1284 itione..
1212 1234 1266 1282 .ιιιι’
1283 1232 1405 1284 reatu.-

797 1413 908 1466 NOTAE

306 1537 392 1582 aratro
404 1529 526 1594 subjecit,
538 1543 589 1594 quo
597 1507 768 1592 virolllyrses
777 1543 833 1578 ara·
875 1541 934 1576 eum
946 1525 1023 1576 etiarn
1037 1525 1069 1574 ed
1081 1523 1220 1586 AEgyptnm
1232 1523 1264 1572 ad
1276 1523 1405 1574 Proteum

306 1615 349 1659 tra
364 1605 509 1670 suspendit,
521 1619 601 1672 seque
616 1603 654 1654 ita
671 1603 795 1669 prodidit,
806 1609 834 1654 et
875 1608 1037 1668 penetrasse,
1049 1601 1092 1664 qui
1102 1598 1224 1659 Proteus,
1231 1599 1405 1648 auditoPari·

305 1683 337 1734 ad
350 1683 445 1733 bellum
455 1682 512 1732 ivit.
874 1680 914 1730 die
934 1679 1044 1738 scelere,
1060 1689 1120 1725 enm
1131 1674 1233 1738 quidem
1248 1675 1406 1724 ineolumem

203 1747 205 1752 ¹
229 1815 231 1819 ,
336 1759 510 1808 mHeloruntet
521 1757 644 1827 meib]
661 1757 786 1814 solennes
797 1757 834 1806 la·
875 1755 981 1816 dimisit,
990 1753 1035 1802 aed
1045 1752 1172 1802 Helenam
1184 1763 1408 1814 opeaqneomnes,

263 1845 272 1864 ¹
305 1834 437 1898 gatianum
458 1831 576 1882 formula
598 1833 635 1882 sic
657 1832 726 1896 apud
745 1831 834 1880 Pleut.
873 1845 1043 1898 quaeeunrea
1060 1837 1141 1894 raptae
1158 1825 1271 1890 fueraut,
1287 1827 1357 1892 apud
1376 1843 1405 1878 se

304 1907 453 1957 'Continuo
466 1907 623 1970 Amphitryo
641 1907 741 1970 delegit
762 1907 831 1956 viros
873 1907 982 1956 retinuit
993 1913 1021 1955 et
1030 1905 1151 1953 Menelao
1163 1905 1315 1952 reservavit.
1334 1902 1407 1952 Vide

304 1983 446 2048 primarum
457 1982 596 2045 principer
628 1982 680 2030 lios
691 1983 770 2045 legat,
783 1983 832 2031 Te·
872 1982 1002 2033 Herodot.
1008 1982 1150 2043 inEuterp.
1162 1977 1406 2042 Homerntquidem

305 2059 388 2110 lebois
408 2058 486 2122 jubet
513 2055 671 2106 sententiam
692 2061 722 2106 ot
743 2055 832 2106 dicant
872 2058 994 2107 Paridem
1011 2057 1140 2108 Helenam
1157 2053 1331 2104 abducentern
1347 2059 1404 2104 turn

305 2123 388 2184 'urrann
421 2131 479 2181 si
460 2144 515 2179 erne
527 2130 551 2179 vi
561 2136 588 2180 et
600 2131 656 2178 aine
670 2130 740 2179 bello
752 2131 833 2179 velint
874 2133 1114 2183 aiibierrabundum
1122 2119 1258 2192 describit,
1263 2137 1318 2181 tum
1326 2131 1407 2182 etiam

304 2213 382 2271 rapta
404 2212 432 2256 et
447 2212 567 2270 raptores
589 2205 706 2268 tradere,
728 2205 755 2254 Si
775 2219 833 2269 quea
873 2207 994 2257 Sidonem
1007 2206 1147 2256 Phtanieioe
1159 2205 1347 2268 applicuisse
1328 2219 1407 2268 signi

298 2287 486 2345 *asportarunt
507 2280 658 2341 redderent,
681 2295 711 2330 se
733 2283 834 2330 exerui·
873 2285 945 2346 fleat,
963 2286 1025 2336 darn
1045 2283 1100 2332 alt.
1117 2281 1181 2334 ‘art
1198 2280 1257 2331 trev
1274 2283 1298 2332 ot
1317 2281 1407 2332 κόιλαι

308 2367 364 2408 tom
386 2357 505 2422 exemplo
524 2355 627 2406 domurn
640 2355 834 2420 lietluetorurn,³
873 2359 1035 2422 παμποίκιλοι,
1058 2358 1117 2422 ἔργα
1142 2361 1258 2419 γυναικῶν
1287 2357 1408 2420 Σιδονίην,

307 2419 360 2484 dre.
873 2436 918 2486 'rar
935 2435 1006 2485 ateis
1022 2433 1173 2496 Ἀλέξανδρος
1194 2433 1296 2492 θεοειδὴς
1309 2433 1409 2496 'lime

339 2509 453 2558 ¹¹l'oruia
470 2507 563 2571 dictur]
584 2507 681 2556 Triduo
699 2506 750 2556 iter
771 2505 835 2558 illud
874 2510 1014 2572 Σιδονίηθεν,
1035 2510 1138 2559 ἐπιπλὼς
1155 2508 1224 2573 εὐρέα
1240 2508 1337 2566 πόντον,
1355 2512 1407 2570 τὴν

306 2583 401 2634 confici
418 2583 514 2646 potuit,
530 2583 552 2630 ai
568 2582 669 2631 auctori
692 2582 835 2631 carminum
874 2583 936 2642 tata,
957 2585 988 2642 br
1007 2583 1106 2642 Ἑλένην
1126 2601 1171 2648 περ
1196 2583 1318 2652 meyer
1335 2585 1408 2636 ebra-

306 2659 463 2722 ‚Cypriorum
482 2657 611 2706 ereditur:
629 2668 692 2706 aane
705 2655 834 2722 Homerus
873 2659 973 2724 τέρειαν.
1004 2661 1072 2727 ‘Ubi
1083 2666 1158 2712 erant
1172 2660 1243 2726 pepli
1258 2661 1327 2711 varie
1340 2662 1409 2724 picti

308 2732 404 2783 alieubi
415 2733 480 2782 dicit
490 2734 626 2782 Nestorem
639 2739 667 2779 et
681 2731 834 2780 Diomedem
874 2751 956 2800 opera
984 2736 1118 2784 mulierum
1147 2734 1318 2797 Sidoniarum,
1341 2751 1408 2799 quas

307 2823 341 2858 ex
352 2809 402 2858 Ilio
420 2809 522 2858 domurn
540 2822 612 2857 ruam
630 2814 723 2873 quartu
735 2807 777 2856 die
789 2809 834 2858 de·
873 2809 931 2873 ipae
947 2808 1023 2858 Paris
1035 2809 1095 2857 Deo
1112 2807 1202 2856 similis
1222 2807 1356 2857 adduxite
1367 2809 1409 2859 Si-

307 2885 419 2934 veniase.
875 2882 953 2946 done,
963 2883 1088 2946 navigans
1101 2895 1147 2944 per
1158 2881 1239 2930 lutum
1248 2888 1366 2945 pontum,
1377 2896 1410 2933 ea

307 2977 311 2988 ·
338 2967 351 2992 ⁰
368 2960 509 3019 Inconsulta,
521 2955 576 3022 tra]
595 2955 674 3006 Certe
684 2957 726 3007 hle
739 2955 836 3020 aliquid
877 2958 920 3006 via
938 2971 988 3022 qua
1003 2957 1132 3006 Helenam
1148 2955 1257 3005 abduxit
1273 2957 1409 3008 nobilem.’

308 3035 442 3083 turbatum
469 3039 517 3082 eat.
566 3032 717 3096 Legendum
750 3040 834 3096 puto:
874 3031 952 3083 ldetn
972 3033 1030 3097 ejus
1051 3033 1079 3081 in
1096 3031 1238 3096 AEgyptum
1265 3031 1408 3082 adventurn
1507 3026 1514 3036 '

307 3109 420 3172 ‘Neque
431 3113 488 3158 tum
501 3107 678 3157 Alexandrum
689 3107 715 3157 in
725 3108 786 3158 loco
796 3107 834 3157 oi·
876 3123 928 3159 non
939 3108 1047 3159 obseura
1058 3107 1152 3169 innuit,
1161 3108 1223 3158 dum
1234 3109 1408 3161 altHelenam

308 3182 425 3246 tendere,
447 3189 502 3232 tum
521 3197 632 3247 natuque
651 3183 835 3247 properatione
876 3185 1015 3247 pharmaca
1048 3182 1167 3249 quaedam
1187 3183 1319 3250 habuisse,
1348 3199 1410 3248 quaa

307 3258 402 3322 navigii
413 3257 558 3308 inconsulte
568 3272 630 3307 usus
643 3259 728 3308 ventis
739 3259 771 3308 ad
784 3260 835 3323 Cy·
874 3260 946 3309 illam
964 3259 1125 3325 Polydamna
1136 3272 1201 3307 uxor
1212 3258 1311 3307 Thonis
1328 3258 1408 3308 doen·

307 3347 382 3398 prum
394 3335 542 3398 appulerat,
552 3333 641 3384 unde.'
667 3335 703 3384 Et
723 3333 836 3384 Alexan·
875 3341 941 3385 erat.
984 3337 1048 3400 Ejus
1070 3335 1151 3385 rerba
1173 3341 1233 3384 sunt
1252 3334 1349 3398 Odyas.
1373 3341 1407 3384 Δ.

307 3411 382 3459 drum
395 3409 431 3458 alt
442 3415 501 3473 pest
513 3409 623 3459 lielenae
634 3415 737 3473 raptum
747 3411 834 3460 incon·
874 3411 932 3459 τοΐα
942 3411 999 3460 Διὸς
1010 3409 1114 3474 θννάτηρ
1129 3408 1174 3471 ἔχε
1191 3408 1303 3472 palpum
1321 3408 1406 3470 μητιό·

307 3487 374 3534 ruite
386 3499 458 3534 nrum
469 3486 554 3534 ventis
563 3486 677 3549 Cyprum
689 3487 835 3550 devenisse,
875 3505 941 3544 εντα,
961 3486 1060 3549 Ἐσθλὰ,
1079 3485 1111 3536 ret
1132 3487 1155 3536 el
1171 3485 1315 3547 Πολύδαμνα
1333 3486 1405 3550 πόριν

308 3561 402 3610 delude
421 3561 572 3610 Phoenicen·
610 3563 706 3612 Verum
726 3563 835 3612 Homeri
874 3565 953 3613 Θῶνος
974 3562 1119 3628 παράκοιτις,
1136 3561 1264 3624 Αἰγυπτίη.
1304 3561 1338 3610 ld
1358 3568 1409 3624 ert,

306 3636 465 3698 interpretes
493 3636 610 3686 scribunt
632 3651 689 3694 eum
716 3640 833 3700 consulta
875 3639 956 3688 ‘talia
972 3639 1046 3690 iovis
1067 3637 1121 3688 lilia
1142 3635 1270 3702 (Helena)
1291 3636 1409 3685 bibebat

308 3709 415 3758 eandem
428 3711 562 3775 viam‚qua
575 3713 693 3775 Spartam
707 3726 833 3776 pervene·
875 3713 1013 3774 pharmaca
1023 3713 1275 3795 utilia,bona,qrree'
1267 3712 1316 3776 rpsi
1326 3713 1408 3775 Poly-

307 3794 357 3850 rat,
369 3801 420 3836 non
431 3787 552 3844 iteratae,
564 3803 596 3838 ne
608 3790 735 3838 sciliceta
744 3789 834 3837 Mene·
874 3787 969 3838 damna
980 3789 1055 3840 dedit
1068 3771 1168 3839 Thonis
1180 3803 1255 3854 uxor,
1265 3788 1408 3852 AEgyptiat

307 3864 350 3911 leo
362 3863 546 3915 detraheretur
563 3865 659 3914 Rursus
669 3864 834 3926 hicquaedam
876 3865 972 3913 Niliaci
994 3865 1053 3913 ostii
1073 3861 1213 3928 praefectus
1229 3865 1304 3913 erat
1297 3877 1319 3911 ιι
1331 3863 1407 3913 Thou

309 3939 477 4001 pretermisit
493 3939 599 4002 Dictys,
610 3939 670 3987 dum
689 3938 775 3986 innuit
785 3939 834 3987 Pa·
876 3939 930 3987 sire
941 3940 1049 3994 Thonis,
1061 3955 1094 3990 ex
1109 3940 1256 3990 Herodoto.
1288 3939 1407 3990 Tandem

309 4014 390 4062 rident
403 4014 518 4078 Cyprum
526 4011 748 4072 delatunr,deinde
760 4013 835 4062 Phar·
879 4015 911 4062 ab
923 4014 979 4063 aliis
990 4014 1107 4064 erunibus
1118 4015 1237 4064 dissentit
1244 4021 1335 4063 auctor
1346 4015 1408 4063 Car·

306 4090 436 4150 nicen,ex
448 4089 572 4138 Phoenice
581 4089 685 4152 Trojam
694 4087 837 4141 devenisse.
878 4091 972 4139 minum
996 4091 1160 4154 Cypriorum,
1171 4090 1216 4152 qul
1232 4090 1269 4139 ait
1280 4089 1407 4139 Paridem

304 4164 377 4213 ,Nam
400 4179 433 4214 ex
453 4165 508 4215 aliis
524 4163 695 4229 scriptoribus
716 4163 839 4217 doeemur
879 4177 912 4216 ex
933 4166 1029 4230 Sparta
1045 4167 1130 4217 triduo
1149 4167 1226 4216 Itium
1248 4165 1407 4229 pervenisse.
