3112 4950
319 359 385 426 322
690 370 855 420 orneris
879 371 1039 420 errarem
1116 373 1119 380 ·

321 517 470 584 Stheneli
491 516 593 580 lemur
601 515 717 600 jaculo
735 513 851 597 figit:h
877 533 976 596 quem
992 519 1027 577 ut
1044 511 1199 577 Achilles
1213 513 1365 595 respexit
1380 521 1413 579 et

321 627 374 685 tot
385 619 562 684 acerrimos
571 616 676 686 duces
691 619 734 681 ab
744 635 785 681 eo
796 618 1002 692 interlectos,
1018 615 1162 678 animum
1176 615 1210 676 iu
1226 615 1322 676 illurn
1337 616 1414 678 diri-

321 723 432 804 gebat,
446 725 485 782 ut
495 717 544 792 illi
555 717 677 783 obvius
692 718 795 782 fieret.
824 716 1064 780 Consideralrat
1078 717 1165 778 enim
1174 712 1338 789 Achillea,
1348 717 1415 779 nisi

321 824 502 889 Hectorem
524 819 705 897 occideret,
732 819 844 901 plures
870 817 913 880 de
943 816 1139 882 Greecorum
1169 834 1309 880 numero
1338 818 1414 900 ejus

321 923 462 988 dextera
476 923 652 1006 perituros.
696 919 804 984 Multa
814 919 921 983 millia
934 918 1238 984 bominumiuterea
1247 918 1416 982 trucidan-

321 1031 385 1091 tur.
419 1021 506 1089 Aere
517 1023 667 1108 praelium
681 1017 869 1085 colliditur.i
905 1021 1036 1084 Hector
1049 1013 1280 1101 Porypoeten¹
1296 1019 1417 1082 ducem

320 1127 538 1191 fortissimum
567 1123 713 1188 occidit:
737 1127 771 1186 et
792 1141 869 1186 cum
893 1122 1039 1204 spoliare
1067 1122 1239 1202 coepisset,
1265 1117 1416 1183 Achilles

324 1227 529 1311 supervenit.
574 1225 631 1288 Fit
652 1243 763 1307 pugna
783 1223 901 1306 major,
925 1231 960 1286 et
982 1224 1109 1287 clamor
1131 1221 1174 1284 ab
1195 1219 1323 1303 oppido
1344 1227 1379 1284 et
1395 1240 1418 1284 a

323 1333 396 1392 toto
418 1326 522 1408 surgit
537 1325 697 1388 exercitu.
739 1324 869 1388 Hector
888 1323 1031 1410 Achillis
1045 1325 1153 1387 femur
1168 1322 1311 1386 sauciat.
1353 1319 1417 1384 Ille

323 1427 437 1490 dolore
451 1432 605 1508 accepto,
615 1426 722 1506 magis
737 1445 811 1490 eum
828 1427 982 1509 persequi
997 1425 1111 1507 coepit,
1126 1439 1190 1489 nec
1205 1422 1337 1486 destitit
1351 1421 1417 1485 nisi

324 1527 501 1592 occideret.
544 1525 623 1602 Quo
646 1525 821 1589 interemto
851 1526 1015 1610 Trojanos
1043 1528 1077 1589 in
1108 1525 1221 1606 fugam
1245 1525 1354 1601 vertit,
1383 1531 1418 1586 et

322 1629 470 1696 maxima
485 1627 579 1692 caedc
594 1630 659 1690 'eos
681 1645 788 1709 usque
814 1627 857 1690 ad
881 1633 1012 1710 portam
1032 1626 1172 1710 fugavit.
1217 1625 1283 1689 Cui
1303 1633 1417 1689 tamen

324 1725 498 1794 Memnon¹
512 1727 692 1791 fortissime
708 1728 839 1802 restitit,
854 1735 888 1790 et
903 1728 1022 1791 acriter
1036 1728 1123 1790 inter
1133 1746 1170 1790 so
1184 1731 1417 1792 certaverunt:

321 1829 395 1893 leesi
406 1828 532 1910 utrique
548 1825 784 1892 discesserunt.
823 1827 906 1891 Nox
921 1827 1077 1909 praelium
1092 1827 1228 1891 dirimit.
1263 1826 1418 1892 Achilles

294 1999 298 2020 ἶ
322 1927 475 1991 debello
497 1927 632 1990 saucius
656 1926 753 1991 redit.
802 1926 916 1990 Noctu
935 1927 1074 2010 TroJani
1092 1927 1278 1992 Hectorem
1291 1928 1418 1992 lamen·

244 2025 297 2116 Ψ
323 2033 448 2091 tantur.
492 2028 576 2108 [25]
600 2027 744 2090 Postera
759 2027 812 2090 die
830 2027 967 2091 Troilus
987 2027 1156 2110 Trojanos
1171 2029 1286 2093 educit
1300 2037 1420 2094 ccntm

324 2127 522 2194 Graecorum
550 2129 746 2191 exercitum.
789 2124 1018 2208 Agamemnon
1047 2131 1232 2193 exercitum
1258 2129 1419 2207 consulit,

324 2229 509 2310 suadetque
524 2227 676 2290 inducias
694 2228 832 2290 duorum
854 2228 1018 2290 meusium
1033 2229 1209 2310 postulari,
1225 2229 1368 2312 quisque
1381 2237 1420 2296 ut

325 2347 406 2393 suos
421 2327 565 2408 sepelire
580 2327 707 2409 possit.
748 2326 865 2408 Legati
880 2327 923 2389 ad
946 2326 1117 2392 Priamum
1140 2330 1419 2412 proficiscuntur:
1531 2345 1535 2356 ¹

325 2427 526 2492 desiderium
544 2428 712 2508 prosecuti
726 2435 840 2504 suut,m
855 2427 998 2492 duorum
1012 2431 1177 2493 mensium
1192 2430 1349 2494 inducias
1364 2449 1418 2495 ue·
1542 2459 1543 2477 ¹

326 2529 466 2610 cipiunt.
503 2526 659 2590 Priamus
674 2528 884 2592 Hectorem¹²
900 2547 963 2592 suo
977 2546 1067 2592 more
1083 2537 1160 2594 aute
1175 2535 1307 2612 portam
1323 2550 1419 2614 sepe·
1541 2527 1542 2553 ¹

324 2628 412 2704 livit,
428 2627 484 2691 oui
507 2627 608 2690 ludos
635 2627 795 2692 funebres
820 2628 913 2691 facit.
959 2629 1049 2692 Dum
1065 2629 1210 2692 induciae
1235 2635 1325 2706 sunt,
1351 2631 1419 2696 Pa·

323 2728 469 2792 lamedes
484 2715 603 2792 iterum
625 2746 693 2790 non
716 2734 827 2790 cessat
852 2727 893 2791 de
918 2729 1057 2810 imperio
1080 2731 1249 2811 conqueri.
1294 2729 1417 2816 Itaque
1538 2759 1539 2781 .

324 2827 552 2908 Agamemnon
568 2827 729 2890 seditioni
744 2827 850 2891 cessit
871 2834 905 2891 et
926 2828 1008 2892 dicit
1029 2849 1067 2893 se
1081 2829 1123 2893 de
1137 2829 1203 2893 hac
1218 2851 1255 2895 re
1276 2833 1417 2897 libenter
1537 2849 1538 2855 ’

323 2925 499 3003 facturum,
511 2934 550 2989 ut
564 2945 662 3008 quem
671 2927 800 2990 -vellent
815 2927 1056 3010 Imperatorem
1070 2929 1287 3010 praeficerent.
1331 2933 1418 2995 Pos-

326 3026 469 3089 tera'die
491 3026 655 3108 populum
670 3024 713 3088 ad
729 3025 924 3089 concionem
943 3033 1061 3114 uocat:
1085 3037 1183 3109 negat
1206 3049 1243 3092 se
1268 3050 1414 3112 unquam
1534 3011 1535 3016 ἵ

325 3127 484 3208 cupidum
500 3125 632 3208 imperii
645 3127 770 3190 luisse:
793 3129 904 3190 animo
920 3146 1019 3208 aequo
1036 3145 1071 3190 se
1086 3129 1235 3209 recipere
1250 3131 1279 3193 si
1295 3131 1416 3194 vellent

324 3225 401 3290 dare
415 3247 422 3285 :
446 3245 482 3289 se
496 3226 636 3288 libenter
650 3225 788 3289 cedere:
811 3226 894 3288 satis
908 3227 973 3289 sibi
989 3225 1154 3290 essedum
1176 3227 1289 3293 hostes
1313 3231 1412 3296 ulcis·

797 3369 922 3466 ¹'riorus

325 3501 474 3557 Hectorem,
494 3501 637 3550 Leontenm
657 3498 730 3551 disco
748 3505 850 3550 certen-
889 3513 980 3550 nonem
990 3501 1070 3551 multo
1081 3500 1182 3552 anteab
1195 3499 1296 3555 Achille
1304 3503 1417 3554 oecimm

325 3576 582 3633 teminducitildl.
888 3575 986 3626 dicunt.
1004 3576 1151 3640 Videanuu
1165 3577 1268 3639 Dictys.
1298 3623 1302 3629 .

356 3649 490 3699 ”sitiendi
498 3651 581 3709 semro·
596 3648 689 3712 jaculo]
716 3649 776 3700 Hoc
798 3663 849 3700 nou
920 3659 938 3686 ¹
955 3651 1107 3702 Desideriunr
1116 3651 1311 3714 pronuntiarent]
1328 3652 1418 3715 Idem,

324 3725 477 3788 ullbllegrs.
889 3741 1033 3790 exposuere
1046 3727 1202 3778 desiderium
1213 3741 1297 3776 snum.
1329 3729 1416 3779 Nolim

354 3798 362 3831 ¹
379 3797 441 3847 Aere
447 3797 556 3860 prelium
563 3798 693 3860 colliditur]
711 3799 784 3848 Nove
794 3799 848 3851 dic·
889 3806 974 3852 temen
986 3802 1033 3854 boc
1045 3801 1147 3852 imitari.
1342 3847 1345 3852 .

324 3873 793 3937 tnm‚0pin0r,⁴eolltderepretium!
919 3884 932 3910 ¹²
957 3876 1071 3926 Priamus
1092 3876 1232 3940 Hectorem]
1268 3876 1345 3926 Solus
1367 3878 1416 3927 boc

356 3946 541 4013 Uolucrem]
562 3947 616 3997 Sed
636 3961 695 3996 eum
712 3948 849 4008 Homerus,
887 3948 954 4000 dixit
964 3951 1058 4013 Dares,
1065 3957 1094 4000 ut
1101 3945 1157 3998 aliis
1168 3949 1287 4000 omnibns
1296 3951 1417 4004 adversa·

324 4029 382 4084 port
394 4023 522 4072 ademturn
533 4022 685 4086 Hectorem,
702 4023 774 4074 disco
791 4039 847 4075 cer·
888 4031 959 4074 retur
968 4025 1038 4089 equi
1050 4025 1156 4076 tradunt
1167 4025 1292 4082 Hectoris
1302 4026 1417 4078 endaver

324 4102 422 4146 tentem
433 4097 542 4157 inducit,
552 4097 625 4147 Itu.
888 4099 922 4148 ab
933 4098 1035 4150 Achille
1045 4106 1184 4162 raptatum.
1195 4102 1244 4150 &c
1270 4100 1341 4152 Vide
1352 4101 1415 4152 Die·

354 4167 361 4202 ¹
382 4169 643 4238 CritomenMenmor]
654 4170 705 4222 Sed
715 4170 847 4222 oliilllem·
888 4177 940 4237 tyn.
1380 4205 1382 4212 ι
