3112 4950
444 387 492 435 un
518 379 641 434 annuo
658 382 836 435 nnotauo
854 380 928 434 nra.
951 387 1001 434 vr.
1193 367 1264 438 ata

163 525 248 597 runt.
275 531 330 595 Ob
345 537 421 614 quae
436 534 579 594 coaetus
593 528 845 612 Neoptolemus
861 528 1004 594 adverso
1018 522 1115 605 mari,
1126 533 1162 592 et
1175 529 1264 594 mula·

164 636 210 702 tis
222 632 370 716 regionis
383 632 457 716 ejus
470 629 732 715 prohibentibus,
758 631 901 696 classem
916 635 1069 706 exornet,
1092 629 1262 695 ascendit=

166 751 233 818 que
248 737 343 818 ipse:
371 735 447 798 dein
462 733 595 799 saevitia
606 733 737 817 hyemis
759 734 900 799 multum
915 733 997 797 mari
1010 731 1183 814 fatigatus,
1200 751 1266 816 ap-

165 835 353 918 pulsusque
368 833 410 898 ad
426 833 608 917 Sepiadum
623 834 747 912 littus,¹¹
768 834 859 918 quod
875 841 1011 917 propter
1024 847 1182 898 saxorum
1197 831 1262 898 dif-

164 935 370 1000 ficultatemv
383 953 502 1000 nomen
515 935 681 1018 ejusmodi
695 936 912 1020 quaesiverat,
938 953 1054 1000 omnes
1069 934 1260 1000 serenares

167 1037 304 1114 amittit,
327 1036 387 1101 vix
410 1037 484 1120 ipse
511 1057 588 1102 oum
611 1038 664 1102 his
688 1038 748 1122 qui
774 1040 809 1102 in
834 1037 952 1102 eodem
974 1037 1110 1120 neugio
1131 1035 1261 1104 ineram

166 1140 337 1206 liberatus.
380 1137 434 1202 lbi
463 1139 569 1204 Pelea
597 1159 697 1204 avum
719 1140 844 1224 reperit
866 1138 1073 1204 occultatum
1100 1133 1262 1222 spelunca

167 1239 285 1304 abdita
308 1245 344 1304 et
365 1241 552 1320 tenebrosa,
571 1243 631 1306 rbi
647 1261 749 1307 senex
763 1242 834 1306 vim
855 1247 960 1324 atque
982 1239 1124 1306 iusidias
1143 1236 1270 1303 Acasti,

167 1341 311 1420 evitans,
330 1341 475 1420 assidue,
490 1343 624 1426 nepotis
642 1342 819 1421 desiderio,
840 1343 1049 1424 navigantes,
1070 1347 1105 1407 et
1128 1340 1158 1405 si
1173 1341 1233 1424 qui
1247 1345 1262 1376 ²

166 1443 282 1506 iorte¹
304 1463 346 1506 eo
361 1444 498 1526 appulsi
520 1449 644 1522 essent,
660 1443 827 1528 speculari
852 1450 1039 1510 consuerat.
1084 1442 1176 1508 Dein
1201 1441 1263 1506 ubi

167 1551 289 1610 cttncta
308 1543 428 1608 domus
449 1545 724 1630 fortunarumque
746 1547 887 1610 edoctus
912 1554 975 1624 est,
997 1543 1178 1612 consilium
1203 1563 1265 1628 ag·

167 1644 338 1727 grediendi
358 1646 468 1710 hostis
490 1647 572 1712 inire
594 1647 740 1730 occipit:
763 1669 840 1713 oum
862 1649 949 1714 torte
976 1647 1149 1730 cognoscit
1172 1645 1263 1713 lilios

167 1745 287 1810 Acasti
319 1745 548 1831 Menalippum
577 1754 613 1813 et
642 1748 863 1827 Plisthenem,
897 1755 1053 1814 venatum
1081 1747 1265 1832 proiectos,

167 1843 342 1912 devenisse
354 1849 400 1912 'ad
415 1868 458 1912 ea
469 1850 555 1913 loce.
599 1849 720 1933 Itaque
735 1856 862 1915 mutata
874 1857 964 1914 veste
979 1849 1142 1914 Ioleium³
1158 1848 1261 1912 simu·
1327 1855 1329 1860 ’

166 1947 269 2028 laus,⁸
285 1949 466 2033 juvenibus
488 1949 585 2015 offert
610 1971 694 2030 sese,
716 1953 833 2036 eisque
848 1951 997 2036 cupitum
1021 1951 1076 2020 sui
1091 1949 1261 2016 interitum

172 2273 178 2284 ¹
198 2293 307 2342 2Deest
318 2288 394 2357 quiin
407 2295 551 2359 Delph.-8
562 2297 606 2347 lta
617 2294 751 2361 rescripsit
763 2295 888 2348 Obrecht.
897 2309 930 2346 es
942 2295 1006 2360 Arg.
1014 2295 1078 2347 coti.
1087 2293 1130 2345 ubl
1140 2289 1262 2354 Mum,

166 2357 375 2408 erectionem
392 2361 486 2410 Jceam.
509 2363 595 2411 ‘Nam
607 2363 718 2421 mem,
731 2363 799 2427 quod
819 2370 859 2412 est
876 2363 903 2412 iu
923 2362 1044 2432 vulgatis,
1064 2361 1150 2412 locutu
1169 2358 1261 2424 atique
1353 2401 1359 2416 .

166 2421 209 2492 hic
222 2435 272 2472 non
284 2423 380 2486 hahet,
396 2439 454 2474 cum
467 2425 498 2475 ad
511 2426 611 2478 loleuna
623 2427 679 2478 hac
690 2427 742 2478 sint
753 2431 844 2492 gesta:

660 2615 768 2670 NOTAE

199 2769 213 2795 ¹
228 2761 390 2826 Allfflllit
409 2765 441 2813 «d
465 2763 593 2829 Septiciam
613 2765 694 2832 bitae]
731 2780 824 2831 aspera,
834 2764 877 2831 qui
888 2762 1007 2829 Sepiadis
1019 2774 1111 2814 nomeu
1122 2757 1156 2810 ah
1166 2758 1262 2824 asperi·

167 2839 257 2902 Sepias
269 2839 411 2903 Magnesiae
423 2854 494 2903 saxa,
511 2841 608 2905 apisce
619 2839 694 2902 enula
732 2851 785 2893 tate
796 2857 916 2893 saxorum
927 2841 1026 2892 dietum
1034 2837 1131 2890 tradat.
1148 2837 1206 2900 Ego
1216 2851 1262 2886 ex·

161 2919 203 2968 sie
226 2915 305 2972 dieta,
331 2922 360 2964 nt
380 2916 462 2977 aiunt,
482 2916 551 2982 quod
578 2933 636 2968 cunr
657 2917 693 2968 ihi
732 2919 815 2970 iatinro
827 2920 897 2969 illurn
909 2919 966 2969 loco
977 2915 1113 2982 Strabonis
1122 2912 1263 2978 deceptum

166 2991 256 3042 'l'hetir
282 2990 366 3040 varias
393 2989 488 3041 formas
508 2991 643 3042 induceret
664 2995 694 3042 ul
733 2993 821 3062 irrisae,
833 2997 877 3062 qui
887 2995 982 3060 legitur
993 3001 1110 3044 extremo
1120 2991 1218 3042 iibax.
1232 2989 1261 3038 Ἢ

166 3067 248 3118 Peleo
272 3067 428 3129 elaberetur,
445 3069 562 3119 ultimum
583 3084 638 3120 sese
666 3071 693 3119 in
732 3071 814 3134 plnres
834 3071 925 3132 terris
943 3065 1006 3130 lauri
1025 3065 1201 3132 remelium
1223 3066 1263 3116 nai

166 3144 265 3208 sepiam
293 3143 445 3193 immutavit.
478 3144 530 3194 Sed
554 3145 632 3194 miror
652 3145 694 3195 bic
732 3147 794 3209 prat
813 3149 890 3198 ruina
905 3145 1029 3208 stireman
1047 3143 1085 3194 tuh
1102 3142 1146 3192 rhu
1162 3139 1262 3190 ἐνταῦθα

166 3216 366 3284 Neoptolemum
386 3217 418 3268 ab
438 3219 517 3282 Epiro
535 3219 693 3282 Magnesiam
733 3223 865 3286 ἀφανισμὸν
878 3224 922 3273 τοῦ
937 3221 1054 3284 Περσικοῦ
1063 3214 1163 3268 πόλιν.
1191 3217 1262 3268 Ἔστι
1373 3253 1381 3268 .

167 3293 313 3356 appulsum,
323 3293 360 3342 ita
376 3299 405 3342 nt
423 3299 504 3342 totam
520 3292 649 3344 Granium
660 3293 693 3344 ab
732 3299 752 3351 δ’
769 3301 830 3360 αὕτη
845 3299 889 3361 μὲν
907 3298 969 3356 berb
986 3295 1112 3360 πηρόδης.
1145 3293 1263 3344 ‘Verum

166 3367 241 3419 lonio
253 3368 318 3418 mari
337 3366 369 3416 ad
386 3368 548 3432 Pelasgicon
564 3384 645 3434 nsque
660 3371 694 3420 ri·
732 3376 822 3438 Sepias
832 3385 893 3426 acts
908 3375 934 3424 iu
945 3371 1090 3438 Tragoerliis
1108 3368 1264 3431 celebratur,

167 3460 226 3494 num
238 3443 470 3508 circumnavigarit.
496 3443 571 3497 Quod
583 3445 643 3494 mihi
656 3443 692 3494 vi·
733 3459 761 3500 et
783 3456 874 3514 perrea
894 3445 1025 3499 celebrata
1047 3451 1087 3495 est
1103 3450 1211 3510 propter
1228 3443 1263 3492 ibi

166 3521 243 3571 detur
254 3519 414 3570 incredibile.
433 3521 520 3572 Quare
532 3525 595 3582 puto
607 3523 692 3584 potius
731 3523 843 3576 deletum
860 3521 1128 3576 Persicamclassem·
1161 3519 1263 3572 Fatuu-

166 3605 253 3660 supra,
264 3611 322 3646 cunr
334 3595 367 3645 de
377 3595 497 3645 Molossis
506 3595 600 3659 Dictys
611 3596 691 3661 loqui·
732 3607 784 3652 tem
794 3601 851 3652 hae
862 3607 921 3650 acta
931 3598 1039 3650 saxosa!
1220 3645 1223 3654 ,
1251 3593 1254 3604 ’

166 3678 221 3733 tur,
231 3672 357 3722 Molossos
374 3671 432 3720 illos
446 3670 638 3734 intelligendos,
649 3671 692 3738 qui
764 3687 774 3711 ¹
790 3677 824 3726 Et
837 3673 943 3740 siseris]
967 3674 1039 3726 Ferri
1050 3681 1152 3740 potest3
1176 3672 1263 3724 malim

165 3738 193 3798 in
215 3747 347 3800 Thessalia
369 3747 475 3799 fuerunt
500 3763 552 3799 uon
579 3750 656 3814 louge
677 3765 693 3800 a
733 3752 829 3820 lamen,
846 3751 890 3800 ‘et
901 3751 923 3800 si
934 3751 978 3818 qui
989 3749 1087 3815 forte3'
1104 3753 1145 3800 vel
1162 3747 1263 3814 ‘etqui

166 3821 271 3874 Phthia.
305 3821 381 3876 Quod
393 3824 472 3874 etiam
482 3823 564 3886 magis
576 3823 694 3888 Euripidi
732 3827 817 3878 forte.'

166 3890 321 3962 consentiet,
333 3901 376 3966 qni
391 3901 416 3950 io
428 3899 518 3950 eadent
529 3901 637 3951 historia
647 3903 693 3970 ait,
765 3912 778 3938 ⁸
793 3901 891 3952 lobiam
901 3897 1028 3966 [Locum]
1037 3893 1164 3961 simulans]
1185 3893 1262 3948 Locri

166 3973 498 4042 NeoptolemumPhthiam
510 3977 652 4040 navigasse.
735 3978 882 4042 alipedem
902 3975 1042 4028 Parnassi:
1070 3974 1115 4024 sed
1133 3980 1195 4025 nota
1212 3973 1266 4038 hic,

199 4059 212 4093 ¹
228 4053 335 4118 Propter
343 4069 454 4105 mamm
469 4053 629 4120 affluitatem
645 4055 695 4122 [ιιι-
734 4053 831 4106 Locros
849 4061 877 4104 et
894 4053 1030 4104 Thessalos
1049 4047 1151 4102 diverso
1167 4049 1263 4110 vestitu

164 4129 306 4200 peritura]
320 4131 421 4184 vetlem
437 4144 499 4181 saue
509 4143 557 4180 uos
567 4129 697 4182 docuisset
736 4147 795 4184 ursos
806 4130 891 4182 luisse-

169 4203 698 4274 urerenqnmodoseprnsignificatum
