3152 4950
460 389 509 440 nn
533 393 653 442 necno
677 391 849 440 rnorrrro
874 393 946 442 mn.
971 394 1019 440 rv.
1212 375 1280 444 223

186 539 253 612 tus,
266 539 298 597 et
308 534 456 597 clamore
464 532 594 614 lugubri
603 532 708 598 Troili
721 551 837 598 casum
852 533 1075 600 miserandum
1090 536 1124 600 in
1138 535 1276 602 modum

186 634 322 710 delient,
338 633 500 698 recordati
515 639 648 698 aetatem
663 633 736 715 ejus
751 633 930 698 admodum
947 635 1153 700 immaturam
1164 644 1194 700 :¹
1216 637 1276 719 qui

185 735 352 818 inprimis
366 734 641 816 pueritiae'annis,
658 752 734 798 cum
749 735 948 800 verecundia
962 754 1004 798 ac
1019 737 1275 819 predictarum

185 836 356 918 praecipue
371 835 480 898 torma
493 835 644 915 corporis
659 833 823 911 amabilis,
845 840 944 917 atque
962 842 1121 918 acceptus
1135 837 1276 919 popula·

148 977 156 988 ·
184 934 276 999 ribus
291 935 515 1000 adolescebat.
558 935 641 1018 [ld]
662 933 750 1000 Dein
765 937 1076 1018 hausaclispaucis
1086 936 1207 1002 diebus
1221 955 1276 1002 eu·

184 1035 278 1098 lenue
291 1035 484 1120 Thymbraei
501 1033 668 1119 Apollinis
689 1037 840 1112 incessit,
853 1043 887 1099 et
901 1036 1035 1119 requies
1055 1036 1201 1102 bollandi
1215 1058 1276 1121 per

184 1134 338 1200 inducias
352 1137 567 1220 interposita:
590 1143 659 1200 tum
675 1144 816 1220 utroque
831 1139 979 1202 exercitu
998 1138 1164 1202 sacrificio
1172 1139 1276 1204 'iusis-

182 1241 283 1312 teuto,
307 1237 460 1300 Priamus
474 1243 603 1318 tempus
617 1242 747 1314 nactus,
764 1236 917 1301 ldeeum·
936 1238 980 1302 ad
996 1237 1161 1302 Achillem
1173 1259 1275 1322 snper

184 1335 364 1421 Polyxena
378 1355 455 1400 cum
469 1335 632 1400 mandatis
646 1336 754 1400 mittit.
798 1337 865 1401 Sed
888 1339 948 1402 ubi
968 1337 1121 1402 Achilles
1144 1339 1179 1402 in
1197 1341 1275 1406 luco

137 1501 140 1506 .
182 1441 227 1502 ea
249 1457 326 1520 quse
342 1437 473 1519 perlata
493 1444 589 1500 erant
611 1436 653 1499 ab
679 1435 795 1500 ldae0¹
820 1439 998 1521 separatim
1015 1438 1058 1502 ab
1073 1439 1148 1504 ullis
1162 1459 1274 1524 recog-

182 1540 305 1616 noscit,
326 1538 461 1619 cognitu
475 1556 510 1600 re
524 1536 614 1620 apud
629 1552 731 1600 naves
742 1537 889 1620 suspicio
904 1538 1040 1602 alienati
1055 1539 1162 1618 ducis,
1177 1549 1211 1607 et
1230 1543 1273 1606 ad

181 1646 390 1722 postremum
415 1637 596 1720 indignatio
620 1645 748 1702 exorta.
802 1637 959 1722 Namque
986 1644 1084 1703 autea
1110 1637 1273 1706 rumdreur

181 1739 381 1822 proditionis
394 1746 503 1803 ortum
516 1738 717 1803 clementerb
734 1757 795 1821 per
809 1739 993 1802 exercitum
1008 1740 1042 1802 iu
1056 1759 1169 1804 uerum
1184 1749 1273 1806 trax·

182 1847 282 1905 erunt.
327 1839 381 1903 Ob
396 1860 484 1922 quae,
499 1839 598 1903 simul
612 1841 662 1903 uti
676 1839 863 1904 concitatus
878 1839 996 1902 militis
1010 1840 1142 1904 animus
1156 1842 1273 1906 lenire-

182 1947 246 2020 tur,
264 1941 354 2024 Ajax
369 1961 445 2006 cum
461 1941 628 2005 Diomede
644 1946 677 2004 et
692 1939 815 2024 Ulysse
829 1941 872 2005 ad
886 1941 998 2004 lucum
1015 1947 1163 2024 pergunt.
1208 1941 1273 2006 Hi·

182 2049 350 2126 queunte
382 2044 541 2126 templum
566 2044 735 2120 resistunt,
764 2042 973 2125 opperientes
1003 2043 1034 2105 si
1061 2041 1271 2123 egrederetur

181 2142 355 2222 Achillem,
379 2143 541 2226 simulque
561 2145 608 2206 uti
629 2163 700 2220 rem
721 2149 851 2226 gestam
870 2143 1006 2226 juvenie
1028 2145 1204 2220 referrent3
1228 2144 1271 2206 de

181 2249 290 2306 cetero
313 2243 412 2306 etiam
436 2243 644 2318 deterrerent,
665 2242 699 2305 iu
723 2243 891 2324 colloquio
910 2244 998 2308 clam
1019 2263 1096 2308 cum
1117 2243 1271 2307 hostibus

182 2363 286 2424 agere.
333 2341 415 2426 [11.]
431 2343 568 2407 Interim
584 2341 789 2418 Alexander,
805 2345 1007 2425 compositis
1014 2346 1085 2429 jam
1098 2357 1174 2408 cum
1188 2342 1270 2406 Dei·

182 2444 293 2526 phobo
318 2443 462 2520 insidiis,
484 2444 628 2526 pugione
652 2443 845 2507 accinctus²
875 2443 919 2507 ad
940 2441 1104 2509 Achillem
1129 2443 1271 2524 ingredi·

181 2553 244 2620 tur,
267 2544 478 2610 confirmator
492 2543 596 2608 veluti
618 2563 731 2607 eorum
751 2562 826 2626 quae
853 2541 1006 2608 Priamus
1032 2543 1269 2626 pollicebatur:

180 2663 324 2729 moxque
338 2645 381 2708 ad
397 2664 500 2721 aram,
515 2663 582 2726 quo
597 2663 638 2706 ne
654 2642 760 2706 bostis
775 2642 890 2706 dolum
905 2645 1165 2726 persentisceret,
1177 2663 1271 2708 uver-

181 2765 306 2828 susque
323 2742 468 2822 adnce,‘¹
484 2739 627 2810 assistit}
672 2743 760 2808 Dein
775 2745 834 2808 ubi
845 2749 978 2830 tempus
992 2744 1099 2808 visum
1113 2751 1175 2822 est,
1189 2743 1271 2808 Dei·
1353 2739 1357 2758 '

180 2846 313 2928 pbobus
326 2847 502 2928 amplexus
518 2846 674 2910 inermem
682 2843 850 2925 juvenem,
862 2843 988 2930 quippe
1001 2845 1035 2908 iu
1049 2863 1148 2908 sacro
1163 2841 1269 2926 Apol·
1342 2889 1344 2898 .

179 2946 259 3012 linis
274 2948 353 3012 nihil
366 2947 489 3020 hostile
504 2952 716 3022 metuentem,
728 2947 930 3024 exosculari,
942 2945 1160 3030 patularique
1171 2964 1270 3028 super

635 3151 814 3179 nonnemo

181 3304 193 3351 l
212 3302 308 3365 Delph.
319 3302 344 3351 in
355 3303 403 3351 loeo
414 3316 442 3352 eu
453 3301 584 3365 quailtate
599 3305 667 3349 erunt
685 3313 737 3349 cnm
754 3299 877 3350 idua-i
893 3298 990 3361 Delpb.
1008 3297 1155 3348 stantun—8
1173 3299 1267 3362 Delpb.

668 3493 775 3546 NOTAE

209 3632 221 3658 ²
236 3624 342 3674 AEtutem
349 3620 400 3682 ejus
409 3622 531 3669 admodum
542 3621 703 3684 immaturum]
774 3627 787 3654 ³
798 3618 898 3682 iduum]
909 3615 1068 3675 Praeconem,
1079 3612 1110 3662 de
1121 3628 1172 3678 quo
1180 3621 1267 3678 rupte.

178 3701 248 3753 Quia
258 3685 359 3747 scilicet
370 3695 439 3758 apud
447 3693 583 3758 Virgilium
594 3696 703 3760 legerat,
774 3696 786 3730 δ
800 3697 885 3743 Ortum
895 3688 1030 3753 clementer]
1045 3689 1229 3750 ‘Clementer,’
1239 3691 1266 3738 id

179 3769 702 3836 ‘Intertxpneqatquetmparcongressus
742 3767 1002 3829 ert,lente,modice.
1036 3765 1166 3815 Iouerum
1180 3763 1266 3814 mixe-

178 3847 291 3898 Achiui!
315 3847 366 3896 Sed
377 3861 434 3895 eum
445 3844 574 3908 fugiebat,
586 3845 653 3894 viros
664 3857 701 3894 ro*-
742 3850 800 3894 runt
819 3857 946 3892 rumorem
965 3842 1036 3890 illurn
1048 3839 1209 3903 proditionis,
1222 3843 1266 3903 qui

178 3924 339 3974 bustisslmos
357 3937 373 3971 u
390 3920 474 3985 politis
487 3921 628 3984 sepissime
640 3935 702 3983 pue·
741 3933 787 3983 per
798 3918 939 3966 exercitum
952 3915 1044 3964 leviter
1054 3913 1210 3962 insonuerat.
1229 3914 1265 3962 Α,

177 4013 219 4050 ros
234 3997 294 4059 dici,
311 4003 339 4046 et
357 4011 419 4046 sane
429 3995 546 4046 Troilum
557 3995 702 4048 robustissi-
741 3995 842 4044 chillem
853 4000 939 4042 autem
951 3987 1105 4052 proditionis
1115 3997 1265 4051 suspectum

178 4085 246 4120 mum
263 4077 290 4120 et
306 4071 469 4121 fortissimum
486 4069 636 4120 describunt
647 4070 702 4119 Ho·
740 4068 1110 4128 hebetesqpropreramorem
1119 4063 1266 4133 Polyxene.

178 4146 392 4207 momolenus·
415 4147 442 4197 iu
469 4144 601 4211 Lycophr.
619 4145 701 4195 Dares
772 4139 897 4202 ‘Juvenss
913 4137 1016 4187 Achilli.

177 4219 312 4286 Phrygius,
322 4227 351 4271 et
361 4219 414 4272 ulii.
773 4213 917 4278 tabae]
932 4211 1040 4266 Achille.
1161 4243 1164 4250 »
