3136 4948
313 409 359 476 52
577 419 656 470 rac.
680 413 873 466 raarzorrrr
897 411 1146 464 nrssanrsrro

315 578 405 646 node
420 582 456 642 et
470 579 481 614 ‘
494 575 652 639 honorem
675 569 834 636 sanilam’
853 571 957 635 cocat
977 565 1201 652 Symmachus
1221 565 1281 630 lib.
1298 579 1322 630 r.
1340 565 1411 650 Ep.

314 679 365 764 1.)
385 677 485 742 filios.
529 674 660 756 Nempe
675 671 838 740 Proculus
863 669 925 734 iste
946 669 1073 745 hahuit,
1086 674 1125 732 ut
1138 685 1222 745 reor,
1236 666 1272 730 iu
1293 670 1412 734 mam

314 780 429 848 monio
451 773 571 840 Aradii
591 771 706 838 Rufini
730 790 890 848 sororem,
910 777 1009 836 etex
1035 789 1077 834 ao
1097 769 1305 833 matrimonio
1331 768 1410 834 uati

314 889 395 948 sunt
408 877 453 958 Q.
468 875 573 941 Arad.
591 874 674 940 Rus.
692 873 768 939 Vul.
790 871 952 938 Proculus
973 869 1107 951 Prmses
1129 869 1321 934 Provinciae
1336 869 1411 952 By-

313 1000 446 1048 maenaa
468 976 566 1042 Anno
590 989 763 1040 uuxxrrr.
786 982 821 1040 et
835 973 875 1038 la
888 971 993 1038 Arad.
1008 969 1090 1036 Val.
1115 969 1279 1036 Proculus
1303 969 1408 1036 Praei.

313 1084 385 1147 nrh.
400 1094 573 1145 rrcxxrx.
616 1075 746 1140 Consul
760 1089 886 1139 uxcrr.
897 1080 932 1138 at
942 1072 1059 1144 multis
1068 1071 1145 1138 aliis
1159 1069 1341 1136 honoribus
1355 1069 1411 1136 in·

311 1182 427 1266 signis,
442 1199 527 1265 quos
545 1179 706 1244 memorat
720 1175 869 1240 Marmor
889 1173 980 1259 apud
993 1173 1170 1240 Gruterum
1189 1171 1267 1238 861.
1280 1175 1316 1236 et
1327 1169 1409 1238 368.

311 1283 475 1348 Sciebant
491 1286 602 1346 autem
616 1277 695 1343 istis
714 1277 932 1362 temporibus,
956 1276 1016 1360 qui
1030 1274 1238 1340 diversarum
1258 1273 1410 1354 mnrium

299 1381 447 1448 ‚nomina
467 1381 519 1446 ita
542 1379 736 1464 jungebant,
758 1367 833 1444 'nisi
854 1397 895 1444 ea
913 1397 960 1443 ex
975 1375 1152 1460 adoptione
1174 1374 1347 1452 haherent,
1361 1393 1409 1438 ex

310 1488 463 1550 materna
483 1480 622 1558 familia,
637 1479 781 1546 maxima
795 1481 825 1546 si
847 1479 988 1546 illustris
1008 1482 1110 1556 esset,
1123 1475 1339 1561 potissimum
1347 1495 1408 1540 sn·

310 1602 413 1660 mere,
434 1592 469 1646 at
491 1583 639 1664 paternis
659 1581 783 1647 addere
805 1582 860 1648 vel
873 1579 1084 1666 praemittere.
1126 1577 1240 1662 Ipsina
1264 1595 1344 1643 acro
1359 1577 1408 1657 Q.

310 1680 433 1748 Aradii
455 1681 570 1748 Rufini
599 1681 706 1748 tilium
726 1683 782 1748 rel
818 1687 978 1766 nepotem
1006 1683 1091 1764 puto
1125 1677 1220 1744 illum
1241 1676 1409 1744 Aradium

311 1779 487 1861 Rufinum,
509 1782 569 1866 qui
584 1780 684 1847 Anno
714 1797 849 1848 ucxvr.
869 1783 914 1848 ab
942 1779 1091 1859 Juliano,
1111 1778 1237 1845 Comes
1259 1777 1409 1846 Orientis

313 1883 498 1949 estfactus.
1105 1901 1109 1906 '

356 1999 485 2048 xxxv.
507 1982 562 2050 Ita
575 2002 654 2049 vero
668 1983 781 2068 pluras
800 1982 873 2066 jam
893 1982 1056 2048 habemns
1078 1981 1177 2047 istius
1197 1981 1338 2046 nominis
1352 1981 1408 2048 vi·

309 2103 380 2163 ros,
394 2104 439 2150 ex
453 2083 577 2168 quihus
600 2084 742 2167 primunr
757 2103 911 2150 censeam
934 2103 1007 2148 esse
1027 2083 1114 2148 hune
1131 2083 1284 2166 Septimii
1297 2082 1407 2146 nostri

309 2185 469 2262 amicum,
483 2185 564 2269 quia
578 2184 696 2250 eodem
712 2189 862 2268 tempore
878 2184 965 2249 duros
979 2183 1110 2266 reperio
1123 2183 1271 2248 illustres
1285 2182 1406 2248 itidem
1477 2179 1481 2182 ’

309 2286 502 2369 Septimius,
517 2285 655 2350 alterum
671 2284 830 2362 Bassum,
843 2285 941 2349 tertio
955 2284 1085 2350 decimo
1100 2301 1188 2350 auno
1203 2291 1281 2368 posi
1294 2282 1404 2352 Arari.

308 2384 481 2462 Rufinum,
498 2385 640 2468 alterum
655 2383 865 2469 Acindynum
881 2401 938 2448 xr.
960 2403 1047 2458 anuo
1063 2390 1139 2452 ante
1154 2384 1212 2452 Ar.
1229 2384 1405 2462 Rufinum,

307 2486 399 2550 urbis
414 2485 612 2550 Praefectos.
655 2484 979 2570 Posteriorishujns
1002 2483 1104 2562 filins,
1125 2491 1164 2550 nt
1185 2485 1315 2568 opinor,
1331 2486 1405 2550 col·

307 2583 384 2667 lega
413 2586 514 2650 etiam
536 2584 601 2648 fuit
627 2585 662 2648 io
685 2583 870 2649 Consulatu
900 2585 940 2650 L.
968 2582 1028 2648 Ar.
1050 2582 1128 2650 Val.
1156 2584 1291 2652 Proculi
1313 2605 1403 2654 auno

309 2701 434 2749 uxori.
477 2685 533 2749 Ex
554 2667 642 2762 illis,
662 2683 783 2761 Basso,
805 2689 839 2750 ct
868 2684 1045 2769 Acindyno
1081 2682 1186 2770 patre,
1208 2685 1403 2752 'alterutrum

308 2784 504 2852 crediderim
523 2783 629 2850 fuisse
650 2788 795 2852 nostrum
824 2783 1033 2869 Septimium.
1092 2786 1182 2856 Nam
1211 2795 1311 2866 carte,
1340 2789 1403 2870 qai

306 2885 393 2978 hanc
408 2879 597 2952 versiondm'
612 2889 682 2950 tam
702 2884 909 2960 familiariter
922 2888 1013 2954 misit
1034 2889 1079 2954 ad
1093 2887 1139 2968 Q.
1155 2887 1213 2958 Ar·
1230 2889 1403 2968 armna,

305 2989 413 3058 virum
428 2986 513 3051 adeo
527 2985 704 3064 illustrem,
718 2985 858 3070 ejusque
871 2987 1021 3054 fauorem
1038 2989 1136 3072 qnasi
1153 2989 1231 3074 jure
1242 3009 1306 3056 suo
1319 3009 1403 3057 exe·

306 3087 366 3170 git,
378 3093 414 3154 ut
435 3087 607 3164 scriberet,
623 3090 633 3121 ‘
647 3086 713 3164 Tu,
728 3077 853 3154 Ruiine
867 3091 926 3168 mi,
944 3096 981 3156 ut
996 3107 1072 3155 ran
1088 3095 1149 3163 ast,
1163 3091 1241 3158 sare
1254 3091 1404 3175 emptis:

305 3205 383 3252 eum
398 3193 530 3270 oportet
544 3186 661 3252 itidem
674 3186 781 3253 luisse
796 3187 937 3256 fortuna
952 3197 988 3256 et
1005 3190 1176 3273 diguitatis
1190 3191 1279 3258 haud
1294 3193 1401 3262 nolu

304 3287 467 3352 inferioris
492 3287 670 3354 hominem.
714 3285 840 3354 Verum
858 3295 933 3356 nter
955 3289 1103 3370 illoram,
1117 3292 1218 3358 immo
1234 3292 1337 3364 ariao
1352 3311 1400 3361 au

304 3387 402 3470 plane
414 3388 581 3473 quispiam
598 3407 643 3466 err
658 3387 976 3476 illuminantium
992 3391 1114 3460 Latina
1127 3381 1293 3463 ornaverit
1305 3394 1401 3460 locu·

303 3489 402 3568 tione,
416 3490 499 3573 quia
512 3491 675 3556 incertum
690 3491 997 3575 est,relicquernos
1012 3493 1047 3558 in
1060 3492 1183 3560 medio.

154 3557 157 3575 ’
252 3619 261 3641 ·
348 3600 491 3656 xxxvr.
515 3590 593 3656 Hoc
609 3591 731 3658 certios
746 3593 945 3659 arbitramur
958 3613 1004 3658 ax
1020 3601 1120 3661 atate
1136 3595 1180 3675 Q.
1194 3593 1312 3664 Aradii
1324 3597 1398 3666 Ru·

303 3687 373 3766 fini,
388 3688 586 3770 Septimium
610 3690 711 3769 hunc,
727 3691 882 3776 quisquis
905 3693 981 3772 fuit,
1001 3695 1131 3762 vixisse
1151 3703 1186 3762 et
1212 3697 1398 3765 versionem

302 3789 389 3856 hane
411 3789 599 3856 confecisse
631 3799 780 3875 tempore
809 3794 1013 3871 Diocletiani
1042 3806 1104 3864 aut
1124 3797 1266 3877 circiter,
1295 3805 1398 3884 atque

303 3889 389 3957 adeo
412 3891 517 3974 paulo
541 3899 629 3972 ante,
644 3911 744 3975 quam
760 3893 1032 3964 christianismus
1055 3899 1091 3964 in
1115 3899 1297 3984 Imperium
1323 3900 1397 3970 Ru·

301 4011 435 4058 manum
462 3991 526 4056 fuit
554 3993 689 4059 tandem
717 3997 853 4078 publice
875 4008 1043 4083 receptus.
1088 4000 1191 4082 Quin,
1216 4021 1293 4070 oum
1315 4001 1396 4066 hnic

303 4092 559 4160 christianismo
574 4095 733 4162 adversos
745 4099 846 4164 etiam
860 4107 981 4184 postea
992 4102 1095 4168 luisse
1108 4103 1287 4189 plerosque
1302 4103 1397 4168 illus·

303 4198 368 4260 tres
391 4197 481 4262 urhis
504 4195 667 4264 Romanas
689 4197 876 4282 Senatores,
891 4204 948 4271 val
969 4224 1013 4271 ax
1034 4205 1237 4288 Symmacho
1251 4212 1394 4282 constet,
