3152 4950
444 427 492 474 oe
518 425 637 473 nnnno
661 425 832 476 raotsuo
858 429 929 478 nra.
954 432 987 478 v.
1196 419 1260 484 241

174 563 275 631 sinrm
293 561 457 648 ¹gemitum
486 567 596 642 munt,
615 563 796 633 'tendentes
823 569 867 634 ad
897 559 1019 636 coelum
1042 565 1177 656 'manua
1203 593 1261 642 an·

167 657 319 747 ‘nuere;³
341 670 392 732 tot
406 667 558 734 adversis
578 661 676 732 rebus
695 661 893 735 Priamum*
915 661 1034 754 singuli
1047 675 1103 739 vel
1125 679 1209 744 inter
1223 697 1261 744 se

172 785 285 834 omnes
299 761 396 832 finam
410 770 613 834 miseriorum
628 769 855 854 deprecantes.
891 762 953 836 ¹Ad
973 761 1176 856 postremum
1195 797 1262 844 ono

173 885 235 934 ore
256 871 394 952 patriam
422 871 650 935 redimendam
672 861 828 936 ciaman't.
872 873 913 937 ln
928 860 1012 958 'quis
1034 865 1189 943 Priamus
1212 881 1261 945 di·

174 969 304 1032 lanians
327 976 430 1052 capnt
450 971 531 1035 fletu
549 989 651 1054 qnam
673 971 871 1048 miserabili,
899 991 965 1038 non
990 976 1099 1040 solum
1120 979 1200 1062 J'am'
1215 981 1262 1057 se,

174 1070 236 1146 ait,
251 1071 406 1135 hostibus
428 1066 535 1150 odio,4
556 1091 670 1137 verum
694 1073 765 1137 suis
784 1074 918 1138 hostem
939 1075 1113 1143 effectum:
1137 1081 1263 1164 quippe

175 1172 310 1236 coinon
325 1174 454 1238 amicus
469 1179 591 1250 antae,⁰
613 1193 680 1237 non
690 1165 917 1258 propinquus,
936 1195 1003 1242 non
1026 1177 1166 1262 denique
1178 1182 1264 1246 civis

173 1271 317 1336 inveniri
338 1280 462 1356 posset,
480 1273 537 1356 qui
557 1275 713 1340 aerumnis
733 1277 803 1338 suis
822 1278 1064 1358 ingemisceret.
1108 1281 1264 1365 Namque

89 1453 91 1455 Ι
175 1379 314 1454 optasse
325 1375 397 1440 baec
409 1393 473 1439 non
486 1393 569 1440 nnnc
580 1375 722 1453 demum,
734 1396 849 1442 verum
860 1379 947 1442 vivis
957 1373 1151 1445 Alexandro
1161 1385 1263 1466 atque

175 1470 324 1538 Hectore
339 1477 393 1558 agi
408 1481 533 1560 coepta.
575 1477 644 1542 Sed
662 1479 817 1560 quoniam
832 1481 998 1562 praeterita
1011 1499 1166 1546 revocare
1179 1481 1264 1546 nulii

174 1584 373 1640 concessum
388 1581 450 1656 eat,
465 1579 675 1662 praesentium
691 1579 888 1652 habendam,
906 1579 1087 1664 futurisque
1103 1581 1264 1648 adhiben-

177 1675 256 1739 dam
281 1677 464 1742 rationem.⁵
509 1679 554 1768 Se
578 1683 722 1762 nemque
745 1679 892 1744 omnium
906 1699 981 1762 qnae
1000 1681 1140 1746 baberet
1159 1681 1202 1746 od
1215 1701 1267 1747 re·

176 1775 372 1842 demtionem
403 1780 520 1862 patriae
539 1786 743 1862 potestatem
765 1779 866 1844 dare:
899 1799 999 1862 qnam
1015 1799 1084 1848 rem
1105 1781 1267 1848 Antenori

177 1877 339 1960 agendam
362 1877 559 1964 permittere.
603 1877 757 1942 Ceterum
772 1897 808 1942 se
831 1881 990 1962 quoniam
1008 1879 1087 1966 odio
1105 1881 1179 1964 jam
1194 1884 1266 1948 suis

176 1985 276 2057 esset,
287 1981 378 2044 abire
393 2001 412 2044 c
428 1986 622 2064 conspecto,
637 1981 889 2044 consentientem
900 1979 955 2044 his
969 1999 1044 2063 quae
1059 1981 1146 2046 inter
1159 2001 1197 2047 se
1209 1979 1266 2047 de-

176 2085 356 2170 cernerent.
400 2081 458 2166 [A]
478 2079 565 2145 Turn
582 2087 738 2164 separato
753 2100 840 2164 rege,
855 2081 965 2163 piacet
984 2083 1036 2145 uti
1059 2081 1207 2149 Antenor
1223 2087 1267 2150 ad

177 2181 320 2247 Graecos
334 2180 459 2259 redeat,
473 2180 687 2266 ¹exploratum
701 2179 903 2246 voluntatem
918 2187 1056 2262 certam,
1073 2183 1268 2267 adjunctus·

178 2301 242 2366 que
256 2283 299 2360 ei,
314 2281 365 2346 uti
379 2283 541 2361 voluerat,
556 2283 702 2361 AEneas3
729 2284 777 2346 ita
799 2285 987 2365 composita
1008 2303 1055 2356 re,
1070 2283 1268 2351 disceditur.

177 2381 246 2445 Sed
261 2371 376 2448 modia
387 2384 619 2466 fennenocte,
632 2383 768 2464 ‘Helena
788 2383 872 2447 ciam
890 2384 934 2447 ad
948 2381 1152 2450 Antenorem
1164 2387 1268 2465 venit,

179 2483 353 2566 suspicans
369 2485 454 2548 tradi
470 2504 505 2547 se
521 2483 701 2560 Menelaos
714 2489 746 2546 et
761 2483 806 2548 ob
821 2481 856 2546 id
870 2483 954 2548 iram
966 2485 1132 2550 derelictae
1147 2481 1268 2550 domus

177 2589 349 2666 metueres
371 2585 484 2668 itaquo
499 2603 575 2648 eum
590 2581 674 2660 orat,
689 2585 736 2647 uti
747 2585 832 2648 inter
845 2591 957 2648 cetera
971 2585 1025 2666 sui
1037 2604 1168 2670 qnoque
1178 2583 1269 2668 apud

180 2681 322 2750 Graecos
338 2687 677 2778 commemorationem
693 2683 880 2768 faceretne
896 2703 957 2770 pro
975 2705 1011 2750 sa
1027 2685 1268 2770 deprecaretur.

635 2879 813 2904 novumn

151 3003 154 3010 “
181 3009 240 3069 goia
252 3014 311 3060 anta
323 3015 375 3068 tote
391 3013 505 3063 correxit
517 3011 645 3064 Obrecht.
657 3027 690 3062 ex
702 3011 776 3063 Med.
788 3011 902 3063 eod-d
919 3011 1016 3077 Deipb.
1027 3015 1055 3062 et
1068 3013 1138 3076 rnig.
1149 3013 1201 3060 odio
1212 2985 1269 3073 diii,

182 3075 277 3122 omissa
288 3089 351 3124 voce
367 3077 412 3137 cit,
428 3077 499 3126 Med.
511 3077 575 3126 Cod.
587 3077 692 3126 hostibus
702 3079 862 3128 adimere-o
881 3077 978 3140 Deipb.
995 3075 1049 3125 ind.
1067 3077 1153 3134 rats.
1170 3091 1194 3138 q.
1212 3091 1269 3124 o.—

672 3231 779 3282 sorm
817 3215 818 3218 ’

214 3354 227 3380 ¹¹
243 3346 371 3402 Annum,-
391 3349 426 3394 tot
437 3345 542 3394 adversis
557 3343 624 3394 rebus
635 3343 708 3393 Pn‘a·
747 3341 858 3390 sensisse
871 3337 1015 3395 videbatur,
1026 3351 1084 3388 carn
1093 3337 1220 3390 Helenam
1232 3357 1271 3390 re·

181 3423 256 3484 mum]
280 3419 332 3468 Hic
342 3411 474 3469 iorus'dln
487 3433 526 3470 me
538 3419 621 3470 torsit.
655 3417 707 3468 Sed
745 3413 876 3476 tinniunt,
886 3427 944 3479 qne
953 3413 1012 3477 maii
1022 3415 1102 3476 origo.
1136 3413 1222 3463 Possis
1232 3421 1272 3464 ta.

183 3495 287 3545 tandem
299 3502 387 3544 verum
399 3493 455 3556 ejus
470 3509 570 3542 sensum
582 3491 708 3544 invenisse
748 3501 806 3542 men
828 3495 856 3538 et
878 3491 954 3538 altres
975 3487 1129 3552 intelligere.
1162 3487 1273 3539 ‘Cuncti

183 3585 226 3622 me
239 3573 311 3632 puto,
323 3567 366 3632 qni
377 3565 437 3615 ralis
447 3573 501 3618 est:
514 3565 624 3617 ‘Cuncti
634 3567 708 3616 strant
748 3561 885 3612 tendentes
896 3558 930 3612 ad
939 3561 1031 3612 celum
1042 3573 1138 3618 manns,
1148 3563 1272 3626 gemitum

184 3639 562 3709 gemitnmedunt‚singulivsl
574 3655 660 3692 omnes
671 3641 709 3690 in·
748 3636 838 3698 edunt,
847 3644 886 3687 tot
895 3637 1008 3688 adversis
1016 3637 1090 3689 rebus
1098 3633 1274 3688 abnuerei’rt·
1300 3681 1305 3696 ,

183 3729 226 3770 ter
237 3729 265 3768 ee
277 3715 446 3782 deprecantes
455 3717 585 3766 Priamum
597 3717 709 3766 abnuere
749 3711 851 3762 aarum!
883 3713 915 3764 ld
932 3719 982 3774 est,
996 3709 1062 3776 qnod
1080 3711 1197 3764 Priamus
1214 3719 1273 3775 post

183 3799 224 3843 tot
236 3792 313 3842 rebus
324 3789 489 3854 adversiqet
504 3789 672 3856 deprecantes
680 3789 710 3842 ti·
748 3795 787 3838 tot
799 3800 840 3838 res
856 3787 986 3850 adversas,
1001 3799 1052 3838 uon
1070 3789 1229 3839 consentiret
1239 3791 1272 3837 iis

184 3883 244 3919 nem
252 3867 427 3924 miseriarum-¹
442 3865 500 3916 Vox
512 3865 712 3933 ‘deprecantes’
747 3871 807 3928 'quae
818 3863 973 3934 dicerentur.
989 3863 1040 3913 Sed
1052 3865 1122 3926 prior
1133 3861 1273 3926 explicatio

185 3944 285 4004 duobus
302 3943 451 4007 praedicatis
468 3942 589 4003 inservit3
614 3941 647 3992 de
658 3957 709 4008 qno
749 3940 845 4006 potior,
856 3947 885 3989 ut
896 3955 929 3990 ex
940 3939 1106 4003 sequentibus
1117 3939 1207 4002 liquet.

183 4021 237 4084 jam
249 4015 309 4068 alibi
320 4017 427 4068 dictum.
459 4014 612 4066 ‘Abnuere’
623 4023 709 4067 antem
780 4021 793 4048 ⁰
807 4015 903 4065 Amuus
913 4011 994 4078 caten]
1010 4014 1033 4065 1.
1045 4011 1066 4062 is
1077 4013 1121 4078 qni
1132 4018 1208 4064 antee
1217 4019 1274 4063 erat

184 4099 193 4125 ¹
204 4093 281 4144 rebus
291 4089 420 4143 adversis'
431 4092 497 4142 dixit
506 4107 553 4158 pro
561 4091 597 4141 eis
607 4085 721 4155 respon·¹
749 4089 855 4162 amiens.

188 4181 291 4228 soraee
307 4169 345 4218 eis
363 4183 510 4234 opponere:
536 4165 595 4232 quie
611 4164 712 4216 scilicet
782 4169 795 4205 Ρ
814 4163 886 4215 nort
901 4179 927 4214 se
939 4159 1065 4224 Mancino]
1083 4161 1114 4212 id
1132 4169 1181 4222 est,
1195 4159 1274 4214 tradi·

185 4243 304 4294 Priamus
315 4241 346 4292 iis
357 4247 437 4305 usque
448 4241 481 4292 ad
492 4241 563 4294 iiinrn
575 4239 640 4292 diem
653 4256 712 4290 con·
752 4247 807 4290 tum
818 4240 860 4291 iri.

252 4321 441 4384 debctVor.
454 4323 519 4374 cur.
667 4320 735 4371 Dict.
749 4321 816 4370 Cret.
1186 4318 1210 4369 Q
1242 4337 1244 4344 ¹
