3112 4950
290 349 356 414 316
666 362 827 410 nannum
853 363 1009 410 eunucu

292 514 403 582 staret,
419 505 626 570 exeundum⁸
649 506 692 568 ad
715 505 851 588 ‘frojam
875 507 958 568 clam
985 509 1083 567 noctu
1109 523 1160 566 au
1169 503 1310 566 interdiu
1331 505 1383 566 l'o-

291 615 388 685 ret,⁹v
403 607 603 671 Palamedes
618 606 739 670 suadet
757 615 789 670 et
808 607 967 670 rationem
983 607 1086 682 addit,
1099 606 1176 668 lnce
1193 605 1236 668 ad
1249 605 1399 698 'l'rojam¹

291 710 523 772 excensionem
553 708 624 772 fieri
652 715 817 791 oportere,
844 717 879 772 et
903 728 1035 772 manum
1061 707 1210 770 hostium
1234 705 1386 770 deduci.w

292 810 411 892 Itaque
427 828 542 874 omnes
562 812 594 874 ei
610 812 809 875 assentiunt:
832 811 988 875 consulto
1003 808 1286 892 Agamemnonem
1301 827 1387 888 pree-

292 909 419 975 ficiunt.
455 911 656 992 Legatosad
671 912 828 994 Mysiam,
839 917 1034 993 ceterosque
1049 911 1168 984 locos,¹
1186 907 1331 985 mittunt,
1349 914 1387 969 nt

291 1012 453 1075 exercitui
475 1018 681 1076 commeatus
703 1011 953 1094 supportandos
977 1017 1105 1086 curent,
1127 997 1292 1072 Thesides
1318 1009 1387 1071 De·

290 1113 540 1194 mopboontem,
557 1111 798 1188 Athamantem,
813 1121 847 1176 et
863 1113 1010 1176 Anium.¹¹
1056 1110 1184 1174 Deinde
1199 1111 1386 1174 exercitum

292 1213 334 1276 ad
351 1214 542 1276 concionem
565 1219 741 1288 convocat,
762 1211 944 1288 collaudat,
961 1213 1112 1294 imperat,
1127 1211 1294 1276 bortatur:
1315 1231 1387 1273 mo·

291 1324 349 1377 net
361 1313 542 1394 diligenter,
555 1319 593 1377 ut
605 1313 697 1378 dicto
709 1315 901 1378 obedientes
915 1322 1037 1379 essent.
1072 1313 1172 1392 Signo
1187 1313 1267 1376 dato
1282 1333 1388 1376 naves

292 1415 439 1491 solvunt,
451 1419 523 1478 tota
537 1416 658 1478 classis
673 1416 707 1478 in
722 1415 898 1479 latitudine
913 1414 1042 1479 accedit
1056 1414 1100 1478 ad
1111 1413 1260 1496 Trojam,
1275 1414 1390 1478 littora

291 1514 432 1596 'Projani
454 1515 582 1579 fortiter
605 1515 796 1579 defenduut.
840 1515 1051 1580 Protesilaus
1073 1516 1108 1577 in
1129 1523 1249 1578 terram
1264 1534 1388 1578 excen-

293 1615 420 1677 sionem
444 1614 536 1691 facit,
560 1615 664 1697 fugat,
689 1617 799 1681 caedit.
844 1615 909 1680 cni
936 1616 1063 1680 Hector
1085 1616 1221 1679 obviam
1236 1618 1338 1696 veuit,
1355 1624 1390 1678 et

292 1733 367 1777 eum
382 1715 571 1792 interiecit,y
595 1723 723 1780 ceteros
748 1718 975 1799 perturbavit:
998 1717 1085 1781 uude
1110 1717 1238 1782 Hector
1258 1717 1389 1782 recede·

290 1816 361 1892 bat,
391 1817 439 1878 ibi
466 1814 605 1899 Trojani
637 1817 845 1898 fugabantur.
906 1819 1090 1899 Postquam
1121 1839 1243 1900 magna
1274 1819 1389 1882 caedes

292 1918 458 1998 utrimque
472 1917 564 1982 facta
578 1926 642 1997 cst,
654 1920 792 1984 advenit
805 1921 971 1984 Achilles:
988 1921 1019 1982 is
1033 1926 1141 1984 totum
1156 1903 1336 1984 exercitum
1354 1921 1389 1982 in

290 2017 403 2100 lugam
415 2021 590 2096 convertit,
600 2021 791 2105 redegitque
803 2023 837 2085 in
853 2022 1004 2105 Trojam.
1045 2022 1128 2086 Nox
1143 2022 1296 2104 praelium
1310 2021 1397 2084 diri:

293 2120 365 2196 ruit,
381 2119 610 2202 Agamemnon
632 2124 816 2187 exercitum
836 2125 871 2186 in
891 2129 1010 2186 terram
1026 2122 1151 2198 educit,
1167 2131 1279 2185 castra
1294 2121 1389 2184 facit.

293 2220 432 2284 Postera
454 2223 506 2286 die
528 2222 656 2286 Hector
677 2225 859 2288 exercitum
879 2243 921 2288 ex
939 2225 1022 2287 urbe
1038 2224 1161 2300 educit,
1187 2231 1222 2287 et
1244 2224 1390 2286 instruit.

294 2314 526 2402 Agamemnon
551 2331 662 2389 contra
696 2326 842 2389 clamore
871 2333 1012 2407 magno¹
1042 2327 1202 2389 occurrit:
1236 2325 1388 2408 praelium

323 2634 339 2678 8
358 2631 468 2680 Exeuudi
479 2633 624 2695 Delpb.-9
641 2633 722 2682 Fient
735 2634 880 2697 Delpb.—l
901 2633 1036 2696 ceterisque
1047 2633 1104 2681 tocie
1114 2633 1208 2695 Delpb.

793 2823 903 2874 NOTAE

326 2934 493 2981 vastandum
513 2934 636 2997 [exeundi]
667 2937 699 2984 ud
725 2935 819 2996 Trojum
891 2936 954 2984 'Et
965 2950 1017 2983 eum
1027 2934 1158 2996 interfecit]
1172 2933 1345 2983 Protesilaum
1358 2935 1388 2984 ab

294 3010 355 3056 ctum
369 3013 437 3056 noctu
447 3023 478 3056 uu
489 3010 584 3057 uterdiu
594 3010 682 3073 fieret]
709 3011 751 3058 lta
769 3009 819 3058 die·
861 3012 940 3060 lEneu
952 3010 1117 3060 interfectum
1129 3009 1191 3058 dicit
1204 3009 1298 3073 Dictys
1310 3025 1316 3070 3
1333 3025 1389 3058 eum

295 3083 450 3148 tinguendas
468 3085 509 3134 bie
526 3085 613 3134 locus:
630 3085 741 3135 ‘deiude
762 3101 820 3134 cum
862 3088 930 3137 ride.

294 3161 398 3222 Argivis
407 3160 711 3209 noncousturetexeuudi
719 3160 821 3209 ud'lro-
894 3174 904 3198 ²
921 3165 1079 3224 Agurueuraou
1091 3165 1171 3210 eoutru
1183 3161 1283 3208 clamore
1294 3161 1391 3222 magno]

289 3237 343 3298 jam
352 3236 415 3284 clam
426 3242 505 3284 noctu
514 3251 546 3285 au
554 3236 666 3286 interdiu
677 3237 768 3287 fieret!
784 3239 822 3288 Ut
863 3241 971 3303 Ineptrrs
983 3240 1095 3302 scriptor
1107 3237 1139 3285 de
1152 3237 1253 3286 Grecis
1265 3235 1307 3286 bic
1319 3236 1391 3299 dicit,

294 3311 500 3373 subintelligatur
515 3312 679 3369 ‘consilium’
699 3328 757 3362 cum
774 3313 821 3362 Ar·
862 3316 931 3380 qrrod
947 3317 1075 3364 Homerus
1089 3314 1123 3362 de
1139 3312 1270 3374 Trojauir.
1303 3313 1392 3374 Troja-

294 3388 360 3450 givis
369 3403 419 3437 nou
428 3394 560 3437 constaret
568 3389 701 3438 consilium
710 3391 823 3440 exeundi
863 3407 909 3441 nos
920 3393 988 3440 enim
1000 3391 1130 3440 Homerus
1141 3403 1200 3436 cnm
1208 3389 1330 3436 sonirnet
1339 3389 1391 3438 cla·

295 3463 822 3526 adTrcjum,uootrrueiduuinterdiufie·
862 3484 933 3518 more
955 3469 989 3517 ad
1017 3473 1129 3532 pugnam
1151 3465 1216 3514 dicit
1241 3465 1391 3527 procedere.

295 3541 403 3594 ret‚&c.
437 3539 509 3587 Nihil
521 3539 590 3587 allud
602 3554 715 3602 possum.
861 3547 936 3608 τρῶες
955 3543 999 3606 μὲν
1019 3543 1120 3606 naam?
1139 3541 1161 3588 τ’
1183 3541 1256 3604 ἐνοπῇ
1276 3541 1299 3587 τ’
1327 3539 1391 3600 lcar,

328 3622 343 3645 '
362 3615 396 3662 st
406 3629 500 3663 manum
511 3615 612 3664 bostium
621 3617 714 3680 deduci]
740 3617 822 3681 Dicit,
863 3621 1000 3685 dprrtmdr.
1027 3619 1123 3668 ‘Troes
1135 3617 1239 3681 quidem
1251 3631 1309 3665 curn
1321 3619 1391 3665 clau·

296 3691 396 3755 opinor,
407 3690 492 3738 hostes
503 3689 653 3740 dividendos
666 3701 692 3741 et
701 3705 821 3756 reparan-
863 3713 925 3760 gore
948 3705 975 3746 et
1002 3697 1114 3744 elamore
1136 3692 1302 3752 incedebant,
1324 3696 1392 3741 sieut

297 3767 420 3814 dosesse.
455 3764 823 3830 Qu'ilscllcitleurscirescire
863 3773 940 3822 ares-²
966 3767 1337 3821 Graeccsverocumrilontio.
1361 3768 1393 3816 Oi

295 3842 414 3890 diversiora
425 3858 434 3899 ,·
446 3841 522 3890 immo
534 3842 821 3903 potiurbcsteselieiou·
862 3847 926 3910 b’ltp'
936 3848 992 3896 lucr
1003 3847 1064 3910 cippi
1073 3843 1145 3906 μένεα
1157 3842 1275 3892 πνείοντες
1289 3842 1392 3903 Ἀχαιοί.

297 3919 420 3968 dosesse.
455 3917 614 3977 Qa’ilsulloit
629 3920 662 3968 les
676 3921 824 3973 uttirerterr
864 3927 922 3975 ‘lili
941 3941 1001 3974 vero
1020 3925 1094 3972 ibunt
1111 3935 1167 3970 cum
1187 3921 1289 3968 silentio
1311 3921 1393 3968 robur
1466 3960 1468 3964 .

296 3993 470 4050 invulsum·
862 4003 991 4065 spirantes
1008 3997 1119 4050 Achivi!
1151 3998 1185 4045 Et
1199 3996 1393 4045 Asiaticorum-

328 4077 341 4102 ¹
358 4069 459 4131 Auium]
475 4070 518 4117 De
534 4069 601 4118 Anio
613 4071 671 4121 ride
681 4087 740 4136 quae
753 4075 823 4126 dicta
862 4091 908 4125 nes
924 4077 950 4124 lu
966 4076 1056 4140 pugnis
1067 4074 1177 4124 clamare
1189 4077 1319 4120 testantur
1341 4070 1393 4118 bis·

299 4151 358 4194 sunt
369 4145 401 4194 ad
410 4147 519 4208 Dictyn,
530 4153 645 4197 extremo
658 4149 703 4198 lib.
715 4163 734 4197 r.
865 4156 950 4205 rorici.
