3136 4948
315 385 359 452 80
576 403 661 452 unc.
680 401 878 452 vrsrrzosrr
902 401 1153 454 nrssnrrrsrro

315 544 587 624 diligentissimus
612 543 791 608 Reinesius
815 545 857 608 ad
886 543 1072 626 Rupertunr
1094 543 1205 628 Epist.
1219 543 1290 630 67.)
1309 549 1417 631 ‘inji-

315 646 409 708 ciens
424 663 462 707 se
481 645 516 706 in
540 664 649 724 rogum
667 642 1019 725 Paridi5,'i1,naroirdr
1042 642 1159 721 Δίκτυν,
1179 647 1296 730 βρόχοις
1315 651 1420 731 ἀπαγ-

311 745 428 829 χθεῑσα,
446 745 510 808 hoc
533 754 597 820 est,
622 746 708 820 ‘vel,
724 745 907 808 secundum
930 745 1067 828 Dictyn,
1082 746 1215 828 laqueis
1238 747 1418 826 suffocata,

314 846 369 908 rel
385 845 527 929 denique
549 845 729 909 secundum
747 843 1011 928 Lycophronem,
1028 845 1069 908 de
1092 847 1173 910 turri
1198 867 1235 910 se
1255 851 1419 932 praenipi-

217 971 218 974 ¹
315 945 411 1012 tans!
453 945 566 1024 Addo,
582 947 684 1010 etiarn
698 947 813 1010 Tzetui
829 947 1003 1028 astipulari
1020 945 1181 1010 Malelarn
1192 957 1269 1031 pag.
1286 949 1363 1014 141.
1381 959 1421 1014 et

315 1047 512 1126 Cadianum,
528 1049 586 1131 qui
608 1049 739 1129 pariter
755 1048 798 1110 de
812 1047 955 1124 OEnone,
973 1051 1059 1130 ἑαυτῇ
1076 1047 1262 1132 ἀπεχρήσατο
1286 1053 1418 1136 ἀγχόνῃ,

267 1227 268 1236 ¹
313 1149 485 1231 ‘seipsam
503 1149 654 1212 extinxit
668 1145 875 1229 suspendio?
919 1145 1046 1210 Verum
1064 1167 1141 1212 curn
1155 1149 1189 1212 hi
1207 1149 1286 1232 ipsi,
1304 1149 1416 1216 Male-

313 1248 366 1310 las
382 1269 460 1330 pag.
475 1251 551 1314 156.
565 1253 626 1314 διο.
639 1254 674 1313 ut
689 1254 722 1312 et
735 1267 810 1330 pag.
830 1249 902 1312 140.
918 1254 953 1310 et
967 1247 1139 1314 Cedrenns
1153 1269 1231 1331 pag.
1244 1251 1319 1315 127.
1334 1251 1417 1319 128.

312 1349 390 1412 129.
406 1349 482 1414 130.
501 1351 631 1414 aceede
648 1350 807 1414 Hectoris
824 1369 930 1432 usque
949 1348 992 1412 ad
1007 1368 1122 1412 necem
1138 1349 1300 1428 Achillis,
1312 1353 1417 1418 immo

259 1493 265 1502 ·
308 1455 347 1514 'et
361 1455 497 1514 mortem
528 1450 673 1526 Paridis,
699 1469 838 1534 prorsus
860 1450 1062 1518 conveniant
1086 1451 1122 1513 in
1144 1451 1285 1516 eandem
1310 1452 1413 1535 plane

313 1569 424 1614 rernm
439 1571 608 1615 summam
623 1571 663 1614 ae
684 1553 791 1634 ipsam
810 1553 939 1628 seriem,
961 1549 1078 1634 (quam
1100 1550 1178 1614 vide
1199 1552 1287 1616 infra
1309 1551 1417 1636 519.)

314 1669 391 1714 enm
413 1658 527 1714 nostro
551 1651 715 1733 Septimio
732 1669 759 1714 a
781 1651 839 1716 lib.
856 1667 912 1714 111.
936 1652 989 1714 lo.
1011 1652 1184 1734 usquead
1208 1652 1265 1716 lib.
1286 1669 1335 1720 IV.
1358 1653 1416 1720 22.

310 1752 382 1814 nisi
396 1751 487 1834 quod
502 1753 556 1816 hio
572 1753 669 1834 plura
684 1751 787 1834 paulo
810 1750 942 1827 habeat,
958 1751 994 1817 in
1008 1751 1073 1814 hac
1089 1757 1200 1816 autem
1215 1771 1281 1816 una
1295 1754 1417 1818 mortis

310 1842 563 1916 circumstantia
585 1852 758 1917 videantur
786 1852 981 1932 dissentire;
1003 1853 1082 1916 ideo
1098 1853 1210 1918 nullus
1234 1873 1296 1936 ego
1319 1854 1418 1920 dubi-

313 1957 393 2030 tem,
419 1953 501 2036 quin
524 1953 616 2036 apud
632 1953 787 2019 Graeonm
811 1954 939 2035 Dietyn
956 1953 1144 2017 adhibitum
1159 1955 1259 2018 suerit
1275 1956 1418 2022 verbum

313 2054 461 2134 ambigui
476 2073 608 2132 sensns,
624 2059 657 2118 et
678 2054 893 2136 potissimum
907 2054 1036 2118 celebre
1058 2054 1140 2118 iliud
1164 2055 1327 2140 ἀπήγξατο,
1344 2077 1415 2139 qno

312 2155 509 2238 simpliciter
533 2156 643 2238 posito
665 2155 936 2238 frequentissime
962 2162 1097 2218 notatur
1124 2157 1350 2238 suspendium,
1377 2167 1417 2223 ut

309 2261 383 2320 erat
405 2256 439 2319 id
465 2277 567 2338 genus
588 2256 787 2321 voluntariae
803 2260 911 2337 etper
926 2273 1100 2320 moerorem
1116 2257 1269 2338 quaesitae
1285 2259 1414 2326 mortis

308 2359 576 2435 -usitatissimum,
586 2357 647 2421 sed
663 2361 775 2420 tamen
789 2357 891 2420 etiam
906 2356 977 2420 alia
991 2356 1249 2440 qualiscumque
1265 2377 1354 2422 mors
1369 2378 1417 2423 ex

307 2458 452 2522 ‚tristitia
464 2467 500 2521 et
515 2477 634 2538 angore
648 2460 749 2522 animi
774 2458 879 2524 nimio
900 2461 983 2534 orta,
998 2463 1038 2520 ut
1062 2457 1190 2538 liquido
1216 2457 1344 2522 ostendi
1369 2460 1416 2522 ad
1499 2517 1503 2527 .

309 2558 441 2623 AEliani
457 2557 539 2620 Ver.
557 2558 704 2631 Hist.,v.
720 2558 750 2622 8.
794 2556 907 2639 Atque
921 2559 971 2621 ita
989 2557 1132 2623 'l'zetzes
1154 2557 1189 2622 id
1213 2559 1350 2628 verbum
1370 2559 1416 2622 de
1537 2619 1542 2638 ,

307 2658 508 2740 suspendio,
539 2677 607 2740 quo
637 2658 737 2722 modo
764 2657 908 2740 periisse
947 2658 1106 2722 OEnonen
1140 2657 1278 2722 tradunt
1305 2658 1416 2722 etiam

306 2758 547 2840 Apollodorus
570 2770 606 2822 et
621 2759 748 2836 Conon,
769 2761 1018 2841 interpretatus,
1034 2759 1206 2826 addidisse
1224 2759 1353 2828 videtur
1370 2761 1416 2824 de

307 2877 385 2936 sno,
408 2857 538 2944 βρόχοις,
560 2860 652 2942 quod
681 2861 791 2941 ipsum
812 2859 893 2924 eddi
921 2859 1058 2922 minime
1079 2865 1171 2925 esset
1196 2879 1295 2942 opus,
1319 2861 1348 2926 si
1378 2862 1414 2923 τὸ
1463 2921 1465 2923 ,

307 2957 511 3042 'Animulas
526 2979 584 3042 per
596 2979 633 3022 se
644 2959 768 3022 nullum
785 2959 878 3022 alind
888 2979 996 3041 -genus
1012 2960 1127 3023 mortis
1143 2979 1245 3042 qnam
1261 2965 1414 3041 strangu-

306 3059 477 3137 lationem,
501 3080 575 3142 quee
597 3061 720 3142 laqueo
745 3059 794 3136 fit,
820 3067 972 3127 notasset
996 3061 1087 3144 apud
1109 3059 1275 3124 Graecos:
1297 3063 1415 3142 Septi·
1487 3146 1489 3150 .

308 3159 396 3222 mins
411 3179 491 3222 vero
513 3161 560 3223 ita
582 3161 758 3244 accepisse
782 3160 876 3237 iliud,
891 3163 991 3243 quasi
1015 3180 1090 3230 eam
1106 3162 1345 3243 strangulasset
1361 3163 1414 3224 in-

304 3260 423 3327 clusus
453 3259 561 3338 dolor,
585 3267 623 3324 et
649 3260 828 3325 immodica
857 3261 1190 3330 suffocassetanimi
1222 3263 1413 3343 aegritudo:

306 3359 406 3442 plane
427 3367 465 3424 ut
479 3361 536 3438 aiii
552 3381 686 3444 quoque
705 3369 861 3426 auctores
887 3363 1014 3444 saepius
1037 3361 1119 3426 illud
1136 3359 1336 3444 Ἀπάγχεσθαι
1352 3383 1415 3444 per

303 3463 457 3541 generale
481 3464 620 3526 verbnm
643 3463 805 3526 moriendi
830 3463 1056 3540 reddiderunt,
1079 3463 1171 3546 qnod
1195 3463 1311 3548 itidem
1332 3464 1365 3525 d.
1384 3461 1413 3527 l.

303 3561 484 3640 probatum
499 3562 590 3624 dedi.
949 3627 951 3635 ,

305 3703 308 3708 -
351 3675 431 3724 xrv.
453 3661 511 3724 Ita
531 3663 615 3726 satis
636 3663 708 3744 jam
725 3671 851 3726 eertum
866 3665 1043 3730 stolarum
1059 3668 1242 3746 esseputo,
1258 3663 1405 3729 Graecos

304 3759 494 3843 scriptores.
514 3779 580 3824 nou
607 3763 710 3824 alium
732 3763 893 3827 habuisse
915 3770 948 3828 et
969 3763 1127 3828 laudasse
1151 3763 1288 3845 Diotyn,
1303 3755 1409 3846 quem

304 3860 394 3924 huno
422 3859 546 3942 ipsum,
573 3880 673 3941 quem
701 3863 883 3945 Septimius
905 3863 1028 3928 Latino
1053 3863 1223 3947 expressit
1245 3882 1413 3927 sermone.

305 3959 482 4024 Inde'vero
497 3962 657 4042 seqnitur,
673 3980 786 4025 verum
810 3982 887 4044 ergo
903 3983 977 4026 esse
993 3963 1204 4039 hauddubie,
1219 3963 1410 4045 quodSep-

305 4061 420 4126 timins
443 4061 518 4142 ipse
540 4061 626 4124 ultro
657 4061 837 4145 profitetur,
859 4082 896 4128 se
924 4061 1102 4138 ‘libellos’
1124 4061 1228 4138 hosce
1256 4062 1409 4126 ‘Groeea

302 4161 474 4226 oratione'
497 4161 655 4246 scriptos,
680 4164 756 4227 ‘nti
779 4169 883 4241 erant,
907 4164 1024 4239 Latine
1047 4161 1268 4230 disseruisse!
1314 4164 1410 4230 Nam
