3152 4950
497 373 544 422 ns
569 373 688 422 rucco
712 371 885 422 rnosnuo
910 374 983 422 arn.
1007 377 1046 423 rr.
1251 359 1315 430 181

220 536 377 585 memnon
400 515 535 596 docere,
559 523 597 582 se
623 524 658 580 et
682 521 759 582 ante
786 516 828 583 ad
851 516 1130 582 reconciliandum
1148 515 1314 582 Achillem

220 619 344 682 multos
366 617 509 696 misisse,
525 622 559 682 et
579 637 668 682 nunc
691 617 773 682 nihil
798 616 890 682 aliud
912 617 1009 682 cordi
1034 636 1120 682 esse.
1164 617 1217 682 Ac
1233 637 1314 682 mox

222 717 379 801 Ulyssem
396 725 495 801 atque
517 718 629 802 ipsum
642 717 807 803 Ajacem⁶
828 739 933 797 orare,
959 721 1163 802 susciperent
1185 719 1314 799 negotis

220 821 291 897 nm,
311 824 412 902 atque
433 818 477 882 ad
504 839 580 886 curn
601 821 736 886 nomine
752 821 899 884 omnium
921 821 1022 900 irent3
1043 818 1193 884 maxime
1221 819 1313 902 quod

136 941 139 945 ·
219 918 324 1004 Ajax,
340 923 538 1002 cognatione
551 919 685 999 fretus,‘¹
700 923 936 1006 impetraturus
948 921 1080 986 ueniam
1096 921 1232 985 facilius
1244 939 1314 986 cre·

219 1021 370 1085 debatur.
415 1021 519 1102 igitur
531 1023 585 1086 bis
599 1041 732 1106 operam
748 1041 843 1086 snam
858 1022 1107 1104 pollicentibus,
1131 1022 1255 1086 iturum
1278 1041 1313 1086 se

216 1140 287 1186 nna
309 1123 495 1188 Diomedes
520 1128 640 1205 sponte
668 1123 726 1186 ait.
771 1123 850 1200 [ta]
869 1121 938 1187 His
961 1123 1059 1200 actis,
1086 1121 1313 1204 Agamemnon

219 1222 334 1286 afferre
347 1223 491 1287 hostiam
500 1223 635 1287 lictores
642 1222 764 1305 jubet:
777 1243 818 1288 ac
827 1243 907 1288 mox
918 1223 1052 1288 sublata
1061 1241 1162 1306 super
1173 1219 1317 1301 terram,‘

217 1341 296 1387 cum
323 1315 403 1400 duo,
425 1324 544 1406 quibus
566 1323 768 1406 imperatum
792 1329 874 1402 erat,
898 1342 1097 1408 suspensam
1126 1324 1312 1404 retinerent,

217 1423 367 1504 gladium
382 1425 504 1510 rogim
518 1422 644 1499 educit,
664 1441 772 1506 ecque
794 1423 948 1494 bilariam
969 1425 1120 1490 excisam
1143 1421 1312 1488 bostiaml

215 1524 251 1589 in
264 1531 450 1607 conspectu
464 1524 516 1588 nti
531 1523 699 1601 diviserat,
723 1523 886 1590 collocat:
909 1523 987 1589 dein
1008 1525 1127 1590 ferrum
1150 1524 1311 1606 sunguine

216 1624 355 1688 oblitum
370 1643 470 1689 mauu
484 1625 638 1702 retinens,
653 1626 759 1689 inter4
779 1631 953 1708 utramque
977 1627 1066 1691 sacri
1089 1631 1218 1708 partem
1233 1645 1307 1690 me·

215 1724 294 1788 dius
308 1722 426 1790 vadit.l
455 1725 589 1790 Interim
604 1725 793 1802 Patroclus,
809 1725 942 1812 cognito
958 1725 1049 1809 quod
1065 1726 1257 1808 parabatur,
1272 1727 1307 1790 in

214 1826 395 1897 consilium
410 1814 612 1909 supervenit.
656 1824 705 1889 At
718 1843 789 1904 rex,
805 1825 893 1890 sicut
906 1845 1009 1908 supra
1025 1826 1185 1904 diximus,
1200 1830 1309 1890 trans·

216 1945 361 2006 gressus,
385 1927 428 1991 ad
443 1934 648 2010 postremum
659 1927 763 2011 jurat,
777 1925 973 1992 inviolatam
988 1945 1009 1992 a
1023 1945 1059 1992 se
1073 1928 1109 1991 iu
1130 1943 1207 1994 eum
1222 1923 1309 1990 diem

217 2025 484 2109 Hippodamiam
499 2027 683 2092 mansisse:
705 2045 815 2108 neque
837 2026 1034 2109 cupiditate.
1045 2026 1129 2103 ulla,
1144 2031 1203 2090 uut
1219 2025 1308 2088 desi·

215 2125 309 2194 derio
329 2115 504 2210 lapsum,⁵¹
526 2127 586 2192 sed
614 2129 674 2204 ira,
697 2146 766 2210 qua
789 2128 932 2210 plurima
957 2127 1047 2192 mala
1074 2125 1308 2204 coniiciuntur,

216 2244 367 2311 eousque
389 2229 602 2312 processisse.
656 2228 724 2292 His
747 2228 853 2307 addit,
876 2247 997 2311 cupere
1018 2247 1056 2290 se
1083 2231 1256 2310 praeterea,
1278 2224 1310 2290 si

217 2329 316 2392 etiam
331 2330 398 2412 ipsi
412 2330 591 2417 ¹uideretur,
605 2329 747 2395 filiarum
761 2349 838 2413 qum
855 2331 887 2394 ei
901 2327 996 2393 cordi
1010 2326 1124 2394 esset*
1145 2329 1178 2392 in
1194 2327 1310 2393 matri·

665 2457 852 2483 OOWOO

342 2530 358 2575 t
376 2525 473 2590 Delplr.
487 2525 570 2576 in.—5
588 2526 719 2591 Delpb.et
731 2527 901 2590 volgimer.
935 2524 999 2590 Arg.
1011 2523 1075 2576 Cod.
1087 2525 1177 2576 lam

246 2724 257 2756 -θ
276 2717 382 2781 Ulyssem
399 2721 469 2780 mque
485 2716 562 2779 ipsura
571 2717 680 2781 Aimena]
705 2719 741 2767 U·
782 2718 884 2784 quaudo
894 2733 946 2768 nun
958 2723 1037 2768 totam
1047 2717 1158 2769 lroatlam
1168 2725 1308 2784 superter-

212 2795 315 2857 lynsem,
328 2791 445 2856 Ajacem,
455 2799 483 2843 et
493 2794 647 2845 Diomedem
658 2795 691 2846 ad
704 2793 740 2846 A·
781 2811 836 2847 ram
855 2797 1029 2860 attollebatur
1046 2796 1092 2848 aed
1109 2801 1189 2861 caput
1206 2803 1307 2847 tantum

208 2871 316 2922 ‹ebillem
333 2869 422 2930 inisse,
440 2869 513 2920 dicit.
543 2867 739 2920 Homeml‘boe·
776 2873 946 2939 jugulumque
967 2873 1001 2923 ad
1019 2873 1111 2924 coelum
1130 2872 1307 2936 invertebant,

213 2947 306 3002 uicem,
330 2945 460 3009 Ulyssem,
476 2953 506 2996 et
527 2944 657 3008 Ajacemr
675 2959 740 3012 quoa
779 2954 920 3012 utcontra,
931 2965 990 3000 cnm
1001 2948 1117 3010 Plutoni,
1135 2948 1178 2998 rel
1195 2947 1254 3000 Diis
1268 2949 1307 3000 iu·

215 3035 348 3084 precones
368 3020 468 3072 Hodius
487 3027 515 3070 et
533 3020 681 3085 Eurybates
701 3035 741 3070 se·
777 3024 839 3090 sepia
856 3025 998 3088 faciebant,
1016 3025 1110 3076 hostias
1127 3029 1207 3086 capnt
1227 3031 1305 3074 tarra

213 3095 370 3160 quebuntur.
777 3101 945 3166 applicabant
956 3107 984 3150 et
995 3097 1167 3148 lnrertebant.

245 3170 335 3234 ‘Aina
345 3169 580 3235 mgndioaesrstaa]
595 3169 663 3234 Ajax
672 3171 739 3220 enim
811 3183 824 3220 t
836 3175 956 3235 evoma
965 3174 1070 3224 esaim
1079 3169 1192 3234 matam]
1204 3171 1244 3222 De
1255 3172 1304 3224 boe

211 3253 241 3295 et
256 3243 371 3297 Achilles
389 3253 465 3294 arant
482 3245 575 3294 muriae
595 3245 740 3304 Gerarar'm
773 3249 829 3312 J'am
840 3264 927 3313 aupra.

207 3321 322 3372 duorum
341 3319 448 3369 fratrum
466 3319 528 3380 utin
546 3319 621 3370 Pelei
639 3319 740 3370 aeillcat
810 3321 870 3374 lla
888 3328 1010 3383 cumeae
1028 3319 1092 3370 amri
1106 3325 1199 3382 partem
1215 3323 1305 3372 medias

211 3404 239 3446 et
249 3395 404 3452 Telamonia·
778 3398 857 3462 cadit]
872 3397 947 3448 Ferri
958 3400 1056 3459 puteatr
1073 3395 1159 3444 malim
1171 3400 1257 3444 tamen
1268 3395 1305 3447 in·

244 3482 255 3508 ⁸
267 3457 428 3534 Agamana·
438 3470 525 3533 afferre
535 3471 636 3520 lurtimn
646 3471 739 3522 &terra
779 3479 820 3521 ter
831 3479 967 3536 utramque
976 3484 984 3528 ς
994 3474 1021 3517 et
1030 3479 1118 3518 verum
1130 3473 1177 3518 eat.
1200 3465 1243 3518 De
1254 3470 1304 3523 boc

205 3547 288 3613 jabet]
311 3545 364 3596 Sed
376 3544 471 3596 cnrhie
481 3543 550 3594 istud
562 3544 683 3594 sacrificii
694 3560 738 3608 ge·
778 3557 850 3598 more
867 3544 936 3594 inter
952 3541 1069 3592 victimas
1085 3543 1235 3596 trauaauudl
1248 3546 1305 3610 lam
1366 3557 1369 3564 ⁴

211 3640 270 3686 noa,
288 3621 357 3688 quod
375 3621 401 3669 in
417 3617 624 3669 execrationibus
636 3625 737 3672 tautum
776 3633 866 3684 aupra.
1290 3669 1297 3684 ,¹

207 3699 330 3764 »usurpari
341 3697 443 3747 solitum
454 3695 512 3745 ert?
529 3700 602 3745 certe
612 3695 679 3744 male
689 3695 738 3746 boo
808 3693 816 3727 ¹
833 3690 937 3754 hun]
964 3691 1091 3746 Achillem
1110 3707 1167 3744 esse
1186 3694 1301 3748 scilicet:

208 3789 245 3826 er
255 3773 359 3838 ingenio
370 3786 417 3822 ano
427 3769 571 3821 immutavlt
579 3771 683 3834 Dictys,
693 3773 738 3836 qui
776 3769 816 3820 ait
826 3769 1002 3832 Agamemnon
1013 3782 1041 3818 ae
1052 3768 1179 3818 Achillem
1196 3771 1304 3823 lusisse.

208 3851 280 3915 apud
294 3849 435 3898 Homerum
449 3846 559 3907 legerat,
569 3844 738 3908 Agamemno·
778 3845 840 3896 Non
857 3843 925 3908 uuutl
945 3845 997 3894 ulla
1007 3843 1153 3908 cupiditate
1164 3851 1192 3894 et
1201 3844 1302 3896 deaide·

211 3939 270 3976 nem
282 3924 392 3988 jussisse
405 3928 434 3970 nt
444 3935 536 3985 uquam
554 3919 667 3974 sementa
686 3936 738 3987 qua
774 3921 814 3970 riu
825 3917 1007 3984 Hippodamia
1024 3924 1167 3979 teneretur,
1177 3917 1223 3970 aed
1234 3921 1302 3984 quod

207 4001 289 4050 ,allata
299 4005 436 4063 postquam
447 4009 538 4046 manua
548 3997 676 4061 laverunt,
690 3998 737 4050 Jc·
775 3999 816 4048 ira
826 4003 896 4046 earet
905 3995 1036 4046 lucenam.

213 4087 269 4126 rem
280 4073 446 4126 libationibus
459 4072 572 4121 venerati
582 4080 652 4124 aunt.
668 4129 669 4132 Ἴ
808 4070 820 4105 ¹
836 4070 956 4122 Filiorum
973 4083 1026 4132 qao
1040 4067 1063 4118 el
1079 4067 1144 4117 cardi
1158 4067 1230 4132 earet]
1245 4069 1300 4122 Hc·

209 4151 212 4156 '
245 4145 440 4212 ‘sumasne
450 4145 549 4209 tmen]
564 4146 598 4198 Ut
609 4154 736 4200 eoosteu·
773 4160 838 4214 mer,
848 4145 926 4198 Iliad·
936 4149 955 4196 1.
970 4141 1120 4207 naret-etna
1130 4141 1177 4194 alul
1187 4143 1301 4211 tim„

208 4223 328 4287 deretur,
349 4238 406 4284 eam
425 4222 486 4278 duri
507 4222 640 4276 immolari.
682 4223 736 4275 Alb
776 4220 809 4270 ot
830 4217 924 4284 μεγάρῳ
948 4218 1063 4284 marra,
1089 4219 1240 4287 munau,
1260 4223 1299 4275 sal
