3178 4948
577 353 697 402 sonsa
720 355 871 407 raorou.
1072 391 1075 398 .
1226 347 1271 414 ss

180 500 296 584 (quem
319 499 351 562 ei
377 498 506 563 Hector
527 511 607 583 post
629 506 796 566 certamen
820 503 985 588 singulare
1003 507 1095 572 douo
1119 507 1272 592 dederat)

182 598 349 663 incubuit:
371 599 467 682 cujus
479 616 578 664 cruor
599 601 632 664 in
655 601 768 667 florem
784 609 836 668 est
850 608 1095 672 transmutatus.
1138 609 1271 692 Sopho-

181 699 262 774 cles,
277 699 311 762 in
327 695 437 782 Ajacc
452 697 614 781 Hagellif.
629 701 685 766 cui
702 703 789 766 adde
805 701 986 782 Alciatum,
1001 706 1043 770 ad
1059 707 1133 772 167.
1148 717 1184 772 ct
1196 709 1270 774 175.

182 797 343 864 Emblem.
356 819 483 863 necnon
496 799 595 864 Ovid.
612 803 853 878 x111.Metam.
862 804 937 868 391.

351 898 391 962 In
406 905 539 982 pectus,
551 908 622 966 tum
637 902 770 966 demum
784 903 921 968 vulnera
936 923 1088 986 passum,

268 995 349 1073 Qua
362 1000 473 1080 patuit
486 1000 584 1078 ferro,
596 1001 727 1064 letalem
738 1003 885 1066 condidit
899 1023 1025 1068 ensem.
1080 1024 1082 1030 ·

224 1095 407 1189 Nummum
429 1099 527 1176 huuc,
550 1119 571 1164 a
593 1099 830 1179 Prusensibus,
843 1104 879 1166 in
901 1105 1060 1168 honorem
1081 1104 1269 1173 Caracalla

180 1195 270 1279 Imp.
291 1216 423 1274 cusum,
447 1205 522 1264 ante
549 1220 612 1264 nos
636 1202 816 1284 depinxcre
840 1203 995 1280 Petinus,
1017 1205 1051 1268 iu
1074 1205 1186 1290 Impp.
1201 1207 1272 1272 Ro·

180 1317 268 1360 man.
297 1297 374 1362 243.
405 1303 439 1362 et
464 1299 623 1382 Sponius,
652 1304 688 1366 in
711 1303 859 1368 Itinerar.
885 1306 938 1368 cui
963 1305 1140 1388 respondet
1162 1307 1271 1372 Liccti

179 1395 334 1477 Gemma,
358 1400 448 1481 apud
472 1399 689 1480 Gronovium,
717 1403 924 1488 Dactylioth.
941 1422 982 1468 ιι.
1003 1405 1077 1470 503.
1102 1405 1197 1470 Gom.
1212 1408 1270 1472 ubi

178 1506 214 1560 ct
228 1497 288 1561 fax
303 1499 430 1577 ardens,
446 1499 586 1584 AJacem
601 1504 660 1586 (dc
684 1505 815 1570 Brenno
838 1503 1022 1588 somnium)
1044 1515 1144 1572 noctu
1166 1515 1269 1574 semet

177 1601 290 1681 ipsum
305 1599 493 1664 confodisse
508 1601 682 1700 significat.

453 2001 456 2006 Δ
502 1925 648 1990 XXIV.
693 1922 950 1989 NAUSlGAA.

574 2091 654 2154 Lis.
671 2107 732 2152 vr.
744 2089 835 2154 Gur.
848 2092 883 2156 6.

209 2261 220 2290 ‘
235 2257 355 2340 Neque
370 2255 474 2320 multo
485 2261 574 2336 post,
590 2245 744 2334 precibus
757 2258 859 2332 atque
872 2251 1004 2312 hortatu
1015 2245 1165 2331 UlyssiS,
1181 2243 1241 2308 Al·

354 2355 443 2420 'cinoi
459 2356 531 2420 filia
547 2353 723 2420 Nausicaa
737 2349 940 2416 Telemacho
957 2345 1116 2412 denubit!

220 2505 437 2581 Nuusroas,
470 2501 616 2580 Alcinoi,
647 2499 829 2564 Phaeacum
861 2495 951 2577 regis
987 2494 1021 2556 in
1050 2491 1210 2574 Corcyra,
1238 2495 1272 2554 et

177 2607 298 2672 Aretes
319 2595 402 2682 filia,
424 2613 501 2687 quac
525 2603 609 2666 torte
632 2617 708 2664 cum
732 2595 948 2680 pedissequis
969 2591 1061 2674 regia
1083 2591 1214 2665 exiens,
1236 2589 1272 2682 iu

173 2705 308 2772 flumine
323 2714 434 2770 vestes
455 2705 625 2780 ablutura,
642 2698 761 2764 incidit
782 2697 818 2760 in
833 2695 1002 2777 Ulyssem,
1017 2690 1222 2772 naufragum,
1236 2688 1272 2752 in

174 2809 286 2871 littore
312 2808 489 2883 sedentem,
518 2804 658 2868 nudum.
718 2799 811 2862 Huic
846 2799 957 2860 autern
989 2790 1134 2874 supplici
1162 2795 1272 2854 vestes

176 2908 281 2984 dedit,
296 2925 438 2989 eumque
449 2906 493 2970 ad
503 2910 635 2998 ,patrem
652 2899 819 2983 perduxit.
843 2895 948 2960 Hom.
961 2891 1027 2956 Od·
1041 2896 1064 2960 t.

221 3009 405 3075 Nausicaan
421 3015 533 3074 autem
548 3013 642 3090 pater
651 3005 763 3088 justus
779 3021 818 3064 oc
833 2997 1020 3082 pacificus3
1043 2989 1140 3078 cn'jus
1157 3009 1271 3075 poma·

175 3111 298 3174 riorum
312 3113 399 3174 mira
412 3100 568 3174 fertilitas
584 3105 666 3168 abiit
684 3105 718 3167 in
734 3101 956 3184 proverbium.
984 3096 1112 3160 Statius
1127 3110 1152 3156 1.
1175 3091 1272 3174 Sylr.

176 3212 209 3275 3.
223 3211 275 3275 81.
298 3209 455 3276 Juvenal.
472 3226 506 3271 v.
532 3207 606 3270 Sat.
632 3203 707 3268 151.
734 3203 885 3282 Propert.
903 3215 960 3260 ιιι.
986 3197 1016 3258 1.
1061 3191 1161 3256 Uudc
1181 3197 1215 3252 et
1239 3191 1273 3252 in
1304 3234 1308 3240 .

178 3311 336 3374 Nummis
352 3308 605 3392 corcyrensium
621 3312 654 3368 et
669 3298 978 3384 Dyrrachicusium,
988 3292 1076 3375 apud
1088 3289 1272 3363 Goltzium,

177 3412 289 3476 Graec.
304 3412 336 3472 l.
350 3411 383 3473 2.
397 3417 430 3472 et
451 3403 816 3484 Tan-conspiciuntur,
831 3396 881 3459 uti
902 3393 1030 3477 primus
1052 3388 1193 3454 credidit
1205 3386 1273 3449 Be·

179 3497 288 3594 genus,
312 3509 473 3573 Thesanr.
498 3489 641 3568 Palatio.
659 3519 684 3563 ι.
695 3500 774 3564 ,tce
801 3501 900 3582 atque
917 3492 1021 3556 etiem
1041 3507 1062 3552 a
1077 3505 1134 3550 me
1151 3485 1273 3550 contir-

177 3617 296 3687 matur,
312 3610 354 3673 ad
370 3606 568 3671 Wildianor.
585 3602 750 3666 Selectos.
768 3596 822 3659 55.

120 3763 126 3774 ,
149 3705 152 3712 '
222 3708 326 3776 Porro
341 3697 414 3773 hae'c
432 3699 603 3770 Nausicaa
623 3723 642 3766 e
667 3699 877 3764 Nnmisrnatc
892 3690 1165 3776 Mitylcuonsium
1180 3687 1272 3771 cnud

179 3812 356 3894 Sponium,
380 3807 568 3872 Miscellan.
584 3802 712 3870 Erudit.
731 3816 780 3862 ιν.
796 3797 872 3862 1311.
982 3803 985 3808 '
1102 3803 1104 3810 ’
1215 3821 1218 3831 ·
