3136 4948
671 798 816 876 LUD·
858 795 1045 876 SMlDS

537 1009 798 1103 scema
845 937 1183 1146 huelem

696 1273 778 1326 slva
793 1272 1026 1334 assumunt,

226 1523 227 1528 γ
311 1485 314 1489 -
357 1445 566 1514 DlG'l'YOS
589 1445 851 1549 ORETENSIS
875 1444 940 1512 DE
962 1439 1115 1510 BELLO
1136 1437 1367 1506 TROJANo,

396 1623 514 1675 hiems
531 1619 789 1685 APPENSARUM,
804 1619 1009 1672 succutcua
1024 1613 1328 1670 miseriamve.

628 2045 855 2170 unauna
889 2045 1088 2168 Perua.

628 2187 630 2192 ’
725 2221 755 2286 1.
779 2220 981 2288 ananus.

706 2345 828 2419 Liar.
862 2351 953 2419 Car.
968 2353 1001 2417 1.

318 2487 389 2553 ‘Hi
403 2507 469 2554 uon
480 2488 679 2568 Plisthenis,
693 2494 731 2552 ut
739 2465 845 2562 erant,
853 2487 960 2569 magis
975 2504 1076 2569 quam
1088 2484 1183 2551 Atrei
1194 2485 1411 2570 dicebantur.†

359 2619 500 2696 Naoura
516 2619 679 2698 Menelai,
694 2617 792 2702 eujus
807 2635 892 2682 uxor
915 2617 1060 2698 Helena,
1073 2617 1210 2702 Trojani
1230 2617 1312 2682 belli
1331 2618 1412 2702 pul-¹

317 2719 478 2786 cherrima
491 2737 606 2797 eausa,
629 2739 738 2804 neque
761 2717 1032 2799 Agamemnonis,
1047 2720 1104 2802 qui
1125 2719 1161 2782 in
1182 2718 1330 2801 Trojano
1343 2718 1413 2784 hae

316 2819 530 2902 expeditione
544 2835 606 2885 rex
627 2839 751 2902 regum,
766 2819 842 2884 sive
860 2816 896 2881 iu
920 2815 1081 2894 Nummo,
1097 2820 1169 2883 sive
1191 2819 1225 2882 in
1239 2817 1412 2883 Marmore

316 2925 492 2984 occurrunt
506 2919 785 2986 iooneaflomm
797 2918 900 3000 igitur
912 2917 1020 2982 vicem
1029 2917 1084 2981 hie
1093 2917 1261 3001 supplebit
1274 2916 1412 2996 Atreus,

315 3018 502 3102 utriusque,
518 3020 619 3086 veluti
642 3020 775 3104 plurimi
790 3017 920 3096 volunt,
935 3025 1041 3100 pater.
1086 3016 1197 3082 Notus
1219 3017 1276 3082 illo
1299 3036 1343 3081 ex
1368 3017 1412 3090 Ia,

316 3116 404 3182 Ann.
419 3118 558 3186 Senecae
574 3120 709 3186 sublimi
731 3120 898 3198 dramate;
919 3114 1103 3202 Thyestem
1123 3116 1255 3183 fratrem
1275 3117 1410 3197 fallens,

315 3225 349 3284 et
369 3219 405 3284 in
434 3220 543 3304 ipsius
563 3219 690 3284 liberos
713 3225 832 3302 captos
853 3217 1024 3298 saevieus3
1046 3216 1131 3281 ferro
1155 3236 1216 3281 eos
1243 3223 1411 3281 transver-

311 3315 447 3398 berans,
461 3321 607 3385 mambra
617 3319 786 3396 lacerans,
801 3334 950 3400 coquens
964 3321 998 3381 et
1011 3316 1184 3400 epulanda
1197 3316 1285 3400 patri
1300 3335 1410 3402 appo-

277 3437 282 3444 ·
315 3437 409 3484 neusa
1347 3471 1350 3476 .

357 3520 477 3583 Statua
503 3518 578 3584 haee
604 3519 746 3584 cernitur
765 3518 802 3582 in
828 3517 960 3583 aedibus
997 3517 1244 3596 Famesiorum,
1275 3516 1408 3585 Romae.

314 3619 442 3685 Volunt
463 3637 543 3683 vero
563 3617 694 3683 Perrier
719 3619 886 3702 ceterique
909 3637 1034 3696 omnes,
1062 3619 1121 3703 qui
1148 3619 1234 3684 hano
1260 3617 1409 3698 edidere,

314 3736 390 3784 esse
405 3715 584 3783 Commodi
597 3717 825 3804 Imperatoris,
835 3738 953 3802 nempe
961 3719 1167 3804 gladiatoris.
1212 3719 1282 3784 Hie
1295 3725 1409 3785 autem

314 3838 405 3904 puer,
420 3820 541 3885 dextro
562 3821 647 3904 pede
670 3803 879 3885 atrocissime
894 3828 1057 3904 arreptus,
1072 3821 1221 3904 inquom
1234 3839 1409 3902 nunquam

313 3921 417 3986 etiam
441 3920 668 3986 ferocissimus
690 3920 852 4002 gladiator
873 3923 992 3988 saeviit.
1034 3919 1149 4001 Quare
1175 3919 1256 3985 mihi
1278 3920 1408 4002 potius,

314 4021 420 4086 veluti
435 4021 503 4105 ipsi
517 4039 653 4104 quoque
668 4019 851 4094 (honorio,
867 4042 886 4086 e
902 4022 1009 4087 tribus
1021 4019 1138 4086 liberis
1152 4042 1248 4101 unua,
1271 4021 1407 4105 acujus

227 4185 237 4210 ,
313 4121 408 4191 soede
423 4121 596 4206 perfidiam
610 4123 713 4206 patris
725 4120 894 4190 vindicare
909 4124 1096 4209 aggreditur
1109 4123 1242 4190 Atreus.
