3112 4950
302 335 368 402 834
673 351 838 399 nsnnrrs
861 349 1020 400 ennrcn

304 497 417 560 factus
427 497 489 571 est,
507 490 660 555 Priamus
670 509 791 572 magno
805 491 918 556 animo
935 492 1052 571 surgit,
1064 491 1182 571 ingerit
1189 491 1294 557 multa
1302 493 1395 558 mala

306 595 469 661 Antenori
482 601 517 657 et
531 595 669 658 AEneee:
691 611 748 656 eos
764 600 920 658 auctores
933 594 1016 658 belli
1030 592 1211 676 appetendi
1224 593 1343 670 fnisse,
1360 601 1400 658 et

305 698 438 778 legatos
462 697 495 758 in
515 693 685 758 Graeciam
706 695 870 772 mittendi,-
895 715 971 759 cum
992 697 1067 777 ipse
1089 713 1224 777 qnoque
1243 693 1397 763 Antenor

305 797 437 879 legatus
449 795 594 872 redierit,
612 799 645 858 et
657 795 896 858 renuntiaverit
911 813 948 859 se
963 793 1204 860 contumeliose
1217 800 1396 858 tractatum

306 916 391 962 esse.
436 897 569 962 Deinde
585 902 621 959 et
634 895 790 972 AEneam‚
805 895 864 978 qui
878 914 953 958 curn
968 893 1169 958 Alexandro
1184 893 1350 958 Helenam
1363 903 1400 958 et

305 999 455 1080 praedam
480 996 646 1080 eripuerit.
690 995 900 1078 Quapropter
924 1002 1054 1060 certum
1077 994 1144 1059 sibi
1166 1013 1254 1072 esse,
1278 1013 1399 1077 paoem

306 1119 372 1164 non
392 1098 484 1164 fieri:
506 1099 713 1180 imperatque
734 1103 773 1160 ut
794 1113 909 1160 omnes
928 1096 1038 1179 parati
1065 1095 1141 1172 sint,
1167 1113 1242 1157 cum
1266 1095 1400 1176 signnm

308 1200 447 1276 dederit,
470 1218 529 1282 per
550 1203 667 1280 portas
693 1196 910 1278 irruptionem
936 1196 1064 1260 facere:
1087 1201 1145 1259 aut
1166 1195 1308 1272 vincere,
1337 1204 1401 1259 aut

307 1302 390 1364 mori
406 1301 470 1364 sibi
481 1305 607 1364 certum
620 1315 707 1361 esse.
740 1297 841 1362 -Haec
855 1303 1037 1379 postquam
1051 1297 1149 1372 dixit,
1156 1297 1273 1360 multis
1284 1297 1400 1360 verbis

307 1421 368 1466 eos
382 1401 547 1475 hortatus,
570 1398 746 1463 concilium
759 1397 897 1474 dimisit,
911 1395 1192 1478 Amphimachum
1215 1396 1251 1458 in
1273 1397 1401 1478 regiam

308 1501 415 1578 duxit,
429 1499 582 1582 dixitque
608 1500 767 1563 severeri
789 1494 835 1562 ab
856 1497 910 1562 his
923 1499 982 1581 qui
1006 1516 1122 1580 pacem
1148 1501 1335 1574 suaserant,
1358 1515 1401 1560 ne

307 1601 471 1684 oppidum
485 1600 641 1686 prodant,
655 1618 782 1682 eosque
797 1599 921 1662 hahere
936 1599 1058 1662 multos
1076 1598 1118 1661 de
1132 1598 1233 1680 plebe
1248 1597 1308 1681 qui
1320 1615 1401 1660 cum

308 1703 359 1766 eis
373 1702 539 1766 sentiant:
564 1719 652 1782 opus
667 1717 744 1762 esse
759 1718 821 1763 eos
835 1698 987 1762 interfici.
1020 1699 1058 1764 Si
1071 1699 1136 1762 hoc
1148 1697 1277 1762 factum
1292 1698 1349 1774 sit,
1364 1717 1402 1761 se

308 1802 450 1884 patriam
466 1801 687 1876 defensurum,
711 1804 748 1862 et
766 1799 912 1880 Argivos
935 1805 1182 1882 superaturum.
1224 1797 1403 1881 Simulque

308 1905 414 1981 rogat,
430 1904 466 1963 ut
481 1900 547 1963 sibi
558 1898 668 1962 fidelis
684 1905 718 1962 et
729 1899 901 1974 obediens,
917 1903 1122 1982 paratusque
1137 1917 1215 1965 cnm
1226 1899 1327 1962 armis
1338 1900 1403 1962 sit:

308 1999 361 2062 id⁵
378 2000 451 2064 sine
466 2000 662 2082 suspicione
674 1999 721 2062 ita
735 1997 806 2062 fieri
821 2017 943 2080 posse:
958 2005 1097 2081 postera
1105 2000 1168 2077 die,
1179 2001 1228 2063 ita
1241 2000 1292 2062 nti
1303 1999 1404 2074 solet,

309 2119 377 2162 rem
402 2100 551 2165 divinam
576 2100 753 2174 iacturum,
778 2118 904 2180 eosque
927 2098 970 2161 ad
992 2119 1124 2164 coenam
1148 2097 1405 2163 vocaturum.⁶¹¹

309 2199 408 2264 Tunc
423 2199 686 2283 Amphimachus
701 2199 843 2262 consilio
865 2200 1050 2282 approbato
1064 2200 1129 2264 hoc
1145 2199 1312 2264 iacturum
1325 2219 1405 2283 pro-

310 2299 426 2376 mittit,
441 2305 540 2382 atque
556 2300 604 2362 ita
620 2301 663 2362 ah
688 2318 729 2363 eo
751 2297 922 2364 discessit.
965 2300 1045 2383 [aa]
1068 2298 1196 2364 Eodem
1211 2299 1266 2364 die
1282 2319 1406 2364 conve-

310 2398 408 2462 niunt
422 2399 509 2463 clam
523 2397 682 2474 Antenor,
694 2398 910 2481 Polydamas,
925 2397 1118 2482 Ucalegon„i
1131 2398 1403 2483 Amphidamas,¹¹

311 2497 426 2562 Dolon
435 2496 458 2564 :¹
474 2498 588 2563 dicunt
598 2519 634 2563 se
645 2499 756 2562 mirari
769 2499 985 2582 pertinaciam
1000 2501 1086 2582 regis
1102 2501 1161 2583 qui
1174 2501 1312 2566 clausus
1327 2519 1406 2565 cnm

311 2599 421 2681 patria
434 2607 468 2665 et
482 2601 663 2664 comitibus
678 2600 785 2682 perire
799 2600 926 2677 mallet,
938 2619 1037 2684 quarn
1051 2621 1169 2683 pacem
1180 2601 1300 2665 facere.
1333 2601 1404 2664 An·

310 2703 403 2762 tenor
417 2700 465 2762 ait
478 2719 516 2765 se
530 2701 694 2764 invenisse
709 2700 792 2781 quid
806 2701 998 2764 iaciendum
1014 2702 1071 2779 sit,
1087 2702 1175 2784 qnod
1192 2703 1306 2766 sibiet
1325 2701 1397 2764 illis

310 2799 344 2861 in
357 2819 528 2864 commune
541 2800 707 2883 proficiat,
722 2801 800 2863 duni
811 2803 878 2865 sihi
895 2810 929 2866 et
943 2803 1012 2868 illis
1027 2803 1113 2868 foret
1132 2804 1231 2868 tides.
1276 2802 1402 2866 Omnes

764 2994 948 3021 munuae

344 3127 359 3169 5
379 3121 422 3184 Ut,
433 3127 461 3171 et
472 3135 530 3172 mox
539 3127 625 3186 posset,
635 3123 781 3188 Delph-ti
800 3125 888 3176 Vocare
900 3125 995 3188 Delph.

803 3295 913 3346 NOTAE

310 3402 412 3466 ercitn‚’
424 3403 451 3454 id
463 3411 512 3468 est,
524 3419 580 3454 cum
592 3411 648 3456 toto
659 3407 786 3458 exercitu.
907 3406 1117 3472 *Amphidomoss
1145 3409 1251 3460 Nullum
1264 3410 1408 3474 Amphida-

343 3477 464 3542 hliosqne
481 3482 513 3528 nd
529 3494 616 3529 coenom
633 3487 768 3531 sumturum
785 3483 836 3546 [eo·
877 3489 990 3532 mantem
1016 3484 1152 3550 Trojannm
1179 3487 1248 3535 novi.
1287 3487 1409 3538 Fuerunt

311 3555 376 3618 core]
391 3553 526 3616 ‘Vocare'
537 3569 584 3618 pro
596 3557 777 3607 ‘vocaturum'
793 3559 836 3606 In·
877 3557 979 3620 quidem
991 3559 1049 3607 olim
1061 3559 1148 3621 plures
1158 3557 1407 3622 Amphidamantes5

310 3628 473 3691 enitentem,
484 3643 527 3678 eos
544 3641 622 3693 snper
638 3644 711 3680 crena
727 3632 837 3683 interfici
878 3647 943 3682 unus
954 3634 1067 3697 Lycurgi
1077 3633 1144 3683 tilius
1155 3648 1190 3683 ex
1204 3635 1323 3697 Athenis,
1338 3636 1412 3685 elius

311 3708 442 3766 oportere.
877 3723 910 3759 ex
929 3712 1046 3774 Opunte,
1072 3713 1146 3776 enjus
1169 3712 1248 3762 filiurn
1271 3713 1409 3763 interfecit

342 3777 350 3810 ¹
369 3777 501 3842 Ucalegon]
525 3778 576 3828 Hic
586 3778 773 3842 Ucalegoutem
785 3781 837 3832 Da·
876 3779 1021 3843 Patroclus,
1033 3788 1095 3836 item
1106 3789 1233 3838 Busiridis
1241 3786 1317 3837 lilins.

312 3867 353 3904 res
365 3853 447 3910 addit,
457 3855 546 3903 nescio
557 3853 634 3904 unde.
668 3856 736 3904 Nem
755 3856 789 3904 de
805 3869 837 3906 en
908 3859 1021 3924 ¹Dolon]
1046 3861 1127 3928 Atqui
1141 3863 1197 3926 jem
1208 3863 1309 3927 pridem
1319 3863 1355 3912 ab
1371 3864 1412 3912 U-

312 3935 401 3980 teeent
412 3929 464 3980 elii.
496 3929 579 3978 Immo
590 3929 712 3992 Virgilius
724 3932 780 3994 ejns
791 3931 836 3982 do·
875 3937 943 4001 lysse
958 3944 991 3987 et
1000 3939 1129 3989 Diomede
1146 3940 1318 4002 interceptus,
1330 3953 1411 3988 occu-

311 4018 380 4054 mum
391 4005 519 4054 incensam
531 4006 611 4069 dicit;
628 4021 644 4054 a
654 4021 704 4070 qna
714 4007 837 4057 verisimi·
876 4012 967 4061 haeret
977 4013 1069 4064 Dolon.
1089 4012 1140 4062 Sed
1152 4028 1167 4061 a
1178 4019 1285 4078 recepta
1295 4015 1411 4064 eliorum

312 4078 371 4126 liter
393 4078 482 4130 Graeci
504 4080 697 4144 abstinuissent,
718 4084 740 4132 si
767 4083 837 4134 inter
876 4087 996 4150 opinione
1007 4089 1091 4138 Dares
1102 4087 1209 4138 recedit.

313 4152 459 4215 proditores
470 4155 561 4206 fuisset
573 4157 717 4220 Ucalegon.
