3152 4950
213 396 373 448 niceros
395 391 603 445 caurensis
627 395 676 442 na
699 389 818 442 annuo
841 393 1012 443 raorino
1038 398 1109 446 ura.
1135 401 1166 446 v.
1200 382 1265 450 239

169 519 408 609 emioieeimos,
423 531 481 616 qui
503 530 581 594 iude
600 529 672 612 jam
696 551 716 594 a
738 525 865 614 Pelope
887 533 950 594 orti
972 533 1143 600 affinitatis
1162 537 1264 600 etiam

163 635 241 718 jure
251 636 350 699 uobis
362 632 531 715 conjuncti
544 639 650 695 sunt·
673 630 829 714 Namque
844 631 872 693 si
888 634 1054 712 praeterita
1068 635 1158 699 mala
1174 655 1266 700 sum-

169 737 288 800 matim
311 735 470 816 attingere
485 739 649 816 oporteat,
664 753 704 796 en
727 751 872 816 unquam
885 730 922 770 ⁶⁰
944 733 1066 796 civitas
1079 743 1194 800 nostra
1209 738 1267 802 de-

168 852 287 917 pressa
309 834 466 899 aerumnis
491 832 539 897 ad*
561 833 712 914 requiem
734 831 893 896 emersit'l
938 830 1136 916 Usquamne
1164 840 1264 902 nobis

169 935 304 999 defuere
318 933 425 1010 fletus,
440 938 501 996 aut
516 933 621 996 sociis
635 931 820 996 imminutae
837 933 1075 998 calamitates?
1120 935 1270 1014 Quando

169 1049 236 1098 uon
251 1035 541 1116 amici„parentes,
552 1033 743 1114 propinqui,
753 1032 813 1096 lilii
825 1032 967 1115 denique
978 1034 1012 1096 in
1026 1035 1115 1099 bello
1127 1037 1265 1101 amissit

169 1133 214 1198 Et
236 1141 273 1199 ut
294 1153 338 1196 ex
361 1151 415 1196 me
436 1132 639 1213 reliquorum
668 1132 819 1196 luctuum
841 1134 1035 1198 memoriam
1062 1154 1266 1214 recenseam,

171 1235 333 1318 quidnam
355 1235 389 1298 in
412 1232 546 1298 Glauco
561 1231 632 1295 fillo
652 1233 818 1296 toleravit
863 1231 970 1316 Cujus
991 1237 1138 1300 interitus
1160 1255 1267 1320 quan-

170 1353 269 1418 quarn
280 1337 421 1400 acerbus
430 1333 519 1410 mihi,
531 1351 595 1396 non
605 1342 734 1396 tamem
747 1334 796 1398 ita
807 1335 913 1398 dolori
926 1335 1000 1412 fuit,
1016 1355 1115 1419 quam
1131 1344 1267 1421 tempus

169 1435 266 1514 illud,
281 1452 349 1519 quo
366 1435 546 1518 adjunctus
561 1432 766 1512 Alexandro,
781 1437 825 1499 ad
846 1444 980 1519 raptum
995 1433 1137 1502 Helenae
1163 1441 1267 1504 comi·

169 1544 277 1602 tatum
292 1537 344 1600 aui
360 1531 530 1619 praebuit.d
559 1536 626 1600 Sed
642 1537 883 1620 praeteritorum
899 1539 1005 1600 saties
1018 1537 1047 1596 :⁸
1062 1539 1183 1602 suturis
1199 1541 1267 1604 sal·

170 1645 239 1701 tem
254 1637 457 1720 parcendum
474 1655 513 1699 ac
526 1636 759 1700 consulendum
774 1643 837 1700 eet.
859 1635 974 1702 Graeci
989 1637 1139 1704 homiues
1154 1651 1267 1706 custo·

170 1737 230 1802 des
245 1738 322 1802 fidei
337 1756 378 1802 ao
393 1737 554 1814 veritatis,
563 1739 733 1820 principes
747 1739 1013 1802 benevolentiae‘
1029 1747 1128 1824 atque
1142 1742 1266 1806 officio-

170 1855 253 1900 rum.
297 1837 409 1902 Testis
432 1837 484 1901 his
510 1840 612 1902 rebus
631 1838 797 1914 PriamuS,
813 1840 869 1919 qui
889 1840 1018 1920 inipso
1040 1843 1181 1922 strepitu
1196 1843 1266 1904 ‹lis-

172 1939 361 2004 cordiarum
376 1939 520 2002 fructum
542 1935 673 2002 tameaf
694 1935 931 2002 misericordie
948 1956 1063 2003 eorum
1080 1941 1177 2004 tulit:
1207 1961 1267 2006 ne·

171 2059 235 2124 que
250 2039 421 2104 inferendo
436 2040 560 2104 bellum
581 2040 761 2122 quicquam
780 2040 874 2122 prius
893 2047 1111 2104 temeratum⁹
1134 2043 1179 2106 ab
1200 2043 1266 2119 his,

170 2157 271 2224 quam
293 2137 468 2223 perfidiam
489 2140 524 2202 in
548 2139 625 2221 ipsa
646 2140 822 2220 legatione,
838 2139 1045 2222 insidiasque
1064 2144 1107 2205 ab
1122 2143 1267 2205 nostrie⁸

171 2243 301 2324 experti
323 2249 411 2320 srrnt.
455 2239 496 2304 ln
512 2259 579 2324 qua
593 2259 638 2316 re,
654 2241 733 2304 dico
753 2239 842 2303 enim
864 2239 954 2322 quod
977 2243 1095 2317 sentio,
1112 2241 1266 2328 Priamus

171 2341 308 2425 ejusque
331 2343 391 2404 filii
412 2347 587 2406 auctores:
608 2341 680 2404 his¹
704 2341 805 2403 etiam
829 2339 1134 2424 Antimachus,qui
1148 2351 1266 2406 recens

171 2443 306 2506 amissis
321 2442 447 2529 liberie,
462 2440 650 2523 iniquitatis
665 2456 736 2503 suae
751 2455 868 2521 poenaa
883 2440 956 2504 luit.
1000 2440 1089 2504 Haec
1105 2443 1217 2506 omnia
1232 2445 1267 2505 in

172 2544 310 2624 gratiam
325 2543 469 2608 Helenae
483 2549 591 2623 gesta,
603 2541 734 2604 scilicet
744 2539 817 2622 ejus
827 2539 987 2616 mulieris,
999 2559 1100 2622 quam
1115 2559 1156 2604 ne
1172 2541 1268 2606 (irae-

173 2644 205 2706 ci
220 2643 351 2725 quidem
367 2643 514 2724 recipere
537 2641 696 2722 gestiunt.
742 2639 936 2703 Retineatur
953 2641 1055 2722 igitur
1074 2641 1108 2703 in
1128 2643 1267 2706 civitate

172 2759 212 2806 eo
226 2742 427 2820 ioemina,ob
441 2749 542 2825 quam
557 2741 650 2806 nulla
664 2757 758 2823 gene,
770 2737 851 2804 nulli
866 2741 984 2824 populi
996 2743 1095 2806 amici
1110 2759 1268 2825 usquam,

203 2963 216 2987 ⁴
226 2953 322 3004 Durum
333 2957 379 3016 eet,
387 2954 484 3016 livoni
495 2953 613 3017 principer
623 2957 647 3002 et
657 2967 699 3001 eoa
708 2952 775 3013 mcii,
784 2953 871 3001 umam
879 2951 946 3000 aaut·
962 2951 1045 3002 mian
1057 2952 1200 3002 aenaeae
1211 2965 1268 3001 ‘eam

175 3019 288 3074 Gracia:
304 3020 345 3066 aeri
356 3019 428 3068 multo
438 3018 521 3066 danim
531 3023 555 3067 et
567 3017 684 3066 molaniae
695 3031 734 3064 eoa
743 3016 810 3064 aoth
823 3021 920 3078 pmpler
929 3017 1048 3065 molarem
1059 3018 1167 3066 inimicae
1177 3018 1268 3078 suetos,

172 3082 212 3144 qui
224 3087 293 3129 anteo
303 3081 369 3129 nolle
380 3094 449 3144 qaam
458 3082 560 3130 maxim
570 3079 651 3140 amici,
662 3079 805 3144 propnetam
815 3094 887 3143 aeque
897 3094 912 3128 o
924 3077 1011 3142 Pelope
1020 3081 1115 3129 oriundi
1126 3079 1267 3140 coneongui·

173 3145 260 3194 nitetis
270 3145 341 3194 nmen
349 3145 440 3194 vineato
450 3157 492 3195 ner
501 3145 613 3194 attineat.

637 3282 819 3304 ”nutante

171 3432 217 3480 pue
228 3421 288 3478 poet
298 3415 374 3463 hoster
386 3415 412 3462 iu
425 3415 570 3478 Delpln—li
586 3414 672 3475 Vulgo
682 3413 832 3474 quanda-⁷
849 3411 948 3473 Delph.
959 3415 1037 3458 tumen
1048 3415 1153 3458 nom-8
1169 3409 1266 3470 Delph.

171 3481 291 3531 tutia-9
307 3477 428 3539 Vindiug.
439 3477 576 3540 legendum
588 3483 665 3539 putat
680 3477 796 3524 tentalum
817 3481 860 3523 out
877 3479 962 3522 renem
980 3477 1115 3522 aetum—i
1133 3473 1227 3536 Delph.
1241 3475 1268 3521 ia

673 3643 784 3729 ⁸⁰¹⁴AE

205 3773 219 3801 ⁰
233 3764 273 3816 Ea
284 3745 396 3828 capuan]
414 3761 467 3811 Pro
485 3759 628 3824 ecquando.
654 3755 701 3808 Te·
742 3757 819 3821 primi
831 3753 1035 3806 benevolentiam
1045 3762 1072 3804 et
1083 3753 1169 3806 officia
1183 3735 1269 3819 Troja-

175 3849 243 3892 rent.
259 3837 314 3890 ‘En
332 3849 443 3902 unquam
454 3835 605 3900 iujuriamm
616 3835 701 3885 audir-
741 3835 780 3884 nie
789 3833 973 3896 praestiterant.

175 3917 266 3966 rimini
278 3915 401 3978 scriptam
413 3909 523 3963 ‹licaml'
779 3906 911 3958 'Fructum
929 3905 1018 3969 tamen]
1037 3907 1139 3968 Nempe
1157 3903 1269 3955 cadaver

206 3989 219 4024 ἆ
237 3985 549 4052 emmerammum]
562 3985 700 4038 Quareeu·
740 3983 874 4034 Hectoris.

177 4074 225 4130 pm
239 4063 330 4116 retulit
344 4062 450 4129 Dictys,
462 4061 588 4112 Glaucum
600 4073 615 4109 a
626 4067 702 4124 patre
771 4063 785 4103 e
802 4055 948 4118 inuidiaeque
965 4055 994 4106 ab
1013 4053 1113 4119 metae]
1132 4053 1161 4109 L.
1179 4066 1199 4104 r.
1216 4069 1269 4104 non

61 4147 66 4156 ⁴
175 4143 251 4205 moja
262 4139 362 4206 pulsum
373 4139 462 4190 fnisse.
740 4137 816 4201 louge
829 4133 862 4184 ab
873 4133 956 4184 initio.

207 4219 219 4249 ⁶
235 4215 358 4281 Principes
369 4210 544 4278 beneuolentiae]
556 4209 587 4264 ld
599 4215 649 4277 eet,
658 4212 702 4278 qui
762 4209 763 4212 ’
