3152 4950
273 347 344 420 ete
619 359 779 416 nrorros
803 361 1014 411 cerrensis
1087 371 1089 378 ·

244 522 249 533 ·
277 500 659 586 certeserat,imputit‚⁵
674 500 924 572 strumentum
937 501 1002 566 sibi
1016 461 1169 578 truderet
1177 501 1366 568 habituram

209 691 211 696 Α
274 623 418 688 nemque
430 601 551 685 mogon
565 601 639 685 ejus
653 602 702 666 rei
715 603 865 684 praemia·
909 601 1133 684 lteperfeeto
1147 603 1281 685 negotio
1290 610 1308 638 '¹
1323 603 1373 666 ad.

278 711 412 776 costros
419 705 524 780 uenit,
533 703 650 786 hisque
664 705 863 786 promissum
877 703 990 768 offert:
1006 723 1117 770 verum
1133 705 1168 768 id
1181 704 1297 768 Graeci
1309 704 1372 766 oli-v

275 807 537 882 volutnmbene,
546 823 615 887 quo
630 823 672 868 ne
685 805 824 886 intelligi
836 801 879 868 αὖ
893 823 1062 888 quoquam
1078 811 1205 887 posset,
1215 805 1368 868 vehiculo
1474 795 1477 800 ’

275 906 320 976 ad
335 906 503 975 tentorin⁷
519 904 655 989 Ulyesis
677 906 966 988 pernecessarios
986 905 1140 988 fidosque
1159 925 1241 970 suos
1254 905 1371 968 remit*

275 1012 358 1072 tunt.
397 1005 445 1076 At
458 1007 549 1074 lueis
562 1007 726 1090 principio
740 1011 917 1088 postquem
931 1012 1066 1070 senatus
1082 1009 1231 1082 conotus,
1245 1011 1279 1068 et
1291 1023 1371 1068 nos·-

276 1109 320 1180 tri
348 1109 489 1191 ingressi
517 1115 607 1185 sunt,
631 1105 791 1185 Antenor,
813 1108 919 1172 veluti
939 1107 1147 1173 iracundiam
1173 1106 1369 1171 Graecorum

275 1215 437 1286 metuens,
452 1209 582 1276 renium
596 1227 689 1274 orare
704 1227 830 1286 eornm,
842 1227 918 1290 quee
931 1208 1108 1289 adversum
1117 1227 1178 1270 eos
1189 1225 1249 1290 pro
1259 1207 1374 1288 patrie

278 1311 452 1380 exertius*
469 1310 691 1375 disseruisset·
733 1309 822 1374 Dein
841 1309 993 1392 Ulysses,
1016 1329 1082 1373 non
1103 1329 1140 1373 se
1160 1308 1214 1371 his
1234 1309 1372 1386 moveri,

275 1429 384 1493 neque
398 1409 576 1492 indignari,
590 1411 650 1476 sed
663 1412 754 1494 quod
773 1411 848 1474 finis
871 1411 906 1474 in
922 1411 1097 1476 tractando
1111 1429 1179 1474 nnn
1194 1409 1372 1476 adhibere·

277 1516 348 1582 tur:
381 1511 530 1578 maxime
557 1531 633 1575 oum
661 1517 881 1594 opportunum
911 1511 954 1576 ed
984 1509 1208 1593 navigandum
1235 1515 1374 1592 tempus

277 1611 371 1680 breui
384 1611 613 1694 praetervolet.
642 1613 730 1677 Tum
744 1613 850 1698 multo
865 1613 1009 1677 invicem
1023 1612 1144 1682 habito„
1150 1621 1312 1690 sermone,
1326 1611 1373 1674 ed

277 1716 484 1796 postremum
510 1713 600 1778 binis
621 1713 778 1790 millibus
793 1713 987 1778 talentorum
1015 1713 1088 1778 euri
1114 1718 1216 1794 etque
1242 1712 1373 1793 argenti

279 1832 351 1878 rem
366 1812 527 1880 decidunt
539 1821 572 1878 :¹
585 1814 676 1897 qued
689 1814 738 1878 uti
753 1813 797 1878 ed
812 1833 891 1877 suos
907 1813 1075 1890 referrent,
1087 1811 1199 1877 Greci
1209 1813 1252 1876 ad
1269 1829 1378 1876 neves

279 1915 427 1980 obeunt¹
466 1914 522 1980 Ibi
549 1915 725 1980 conductis
747 1914 901 1994 (lumbus,
929 1919 1051 1978 cuncta
1071 1913 1162 1977 dicte
1190 1913 1381 1997 gestaque⁸

281 2021 472 2098 exponunt:
487 2015 678 2080 Palladium
692 2016 793 2080 etiem
803 2015 949 2080 ablatum
963 2035 1022 2098 per
1029 2011 1230 2078 Antenorem
1239 2013 1374 2077 docent.

279 2116 368 2182 Dein
389 2135 435 2182 ex
458 2119 605 2185 omnium
627 2116 803 2194 sententie,
818 2115 964 2198 reliquus
981 2115 1077 2180 miles
1097 2133 1169 2178 rem
1187 2115 1375 2196 cognoscit,

193 2239 195 2242 ’
277 2215 341 2299 [9.]
363 2215 418 2282 Ob
432 2236 508 2300 qnce
524 2219 637 2301 placet
657 2217 833 2295 uniuersis,
848 2216 935 2307 mitti
958 2215 1119 2280 Minervae
1134 2215 1255 2280 donum
1271 2233 1374 2300 quam

122 2304 126 2312 ’
160 2371 163 2376 .
277 2317 577 2399 honoratissimum.
598 2319 684 2384 Tum
700 2317 828 2384 accitus
843 2317 886 2382 nd
901 2337 977 2382 eam
991 2337 1060 2382 rem
1077 2317 1238 2394 HelenuS,
1251 2323 1375 2381 cuneta

281 2435 357 2499 quee
372 2419 458 2482 clem
473 2426 532 2482 se⁹
553 2427 649 2503 geste
671 2425 775 2496 ment,
791 2438 832 2482 oo
854 2417 884 2482 si
906 2437 1053 2500 praesens
1076 2417 1240 2495 affuisset,
1259 2417 1375 2482 ordine

282 2519 436 2601 exponit,
451 2518 607 2602 additque
620 2519 720 2585 finem
731 2520 803 2604 jem
819 2517 995 2583 advenisse
1009 2519 1229 2602 Trojanerum
1244 2537 1374 2582 rernm:

287 2619 415 2702 quippe
439 2638 508 2701 quo
530 2620 677 2685 maxime
702 2625 942 2685 sustentaretur
964 2637 1094 2682 summe
1116 2619 1265 2684 civitatis
1287 2614 1374 2702 ejus,

285 2717 478 2784 Palladium
498 2719 615 2798 finisse,
628 2740 696 2802 qno
719 2720 842 2796 ablet03
865 2717 1009 2782 exitium
1031 2720 1195 2800 ingruere:
1232 2725 1378 2786 ceterum

283 2814 406 2883 donum
428 2817 591 2886 Minervae
611 2821 716 2886 fatale
736 2819 892 2903 Trojenis
914 2839 1000 2900 esse,
1014 2841 1134 2904 equum
1160 2821 1252 2901 ligno
1266 2819 1376 2884 fabre-

739 2961 921 2986 ΜΙΝΝΟΜ

284 3056 381 3126 Deiph.
393 3061 566 3114 reculam-⁷
582 3061 679 3126 Delph.
695 3062 882 3136 tentorium-8
899 3061 1045 3114 Denuntio
1064 3063 1162 3128 Delph.
1174 3075 1250 3114 voees
1266 3061 1332 3112 dictu
1348 3070 1379 3113 et

286 3284 425 3335 Antenoris
442 3286 535 3350 conjux
555 3285 614 3349 fuit,
628 3285 753 3338 Minerroe
771 3301 822 3350 sn·¹
851 3289 907 3352 pius
919 3303 952 3338 ex
964 3299 1014 3352 quo
1023 3283 1135 3350 'l'ydldes
1147 3283 1193 3334 sed
1205 3284 1284 3342 enim,
1296 3285 1381 3336 scele-

286 3360 386 3410 eerdos.
411 3359 490 3412 Hom·
506 3362 537 3411 ΙΙ.
554 3365 580 3412 z.
595 3363 656 3427 ἰῇσι
674 3362 743 3427 θύραι
762 3363 813 3426 ὤιξε
850 3374 957 3428 rumque
971 3361 1092 3411 inventor
1107 3361 1221 3425 Ulysses,
1231 3360 1323 3410 Ferale
1334 3373 1381 3426 og·

286 3435 539 3502 θεονὼιιιιλλιιιόοιιοι,
547 3437 653 3498 Remu,
662 3435 812 3500 titoxes'nr·
851 3439 931 3502 gressi
942 3445 1042 3488 secreto
1058 3435 1170 3486 evellere
1182 3435 1280 3498 temple
1292 3433 1381 3486 Palla·

286 3511 384 3575 τήνορος
400 3510 545 3572 innuente·
561 3507 665 3576 ἰὴιγιρ
674 3515 750 3580 upote
760 3512 813 3573 ἔθη-
851 3513 930 3576 ιιίιιιιι,
940 3512 1015 3562 eaesis
1026 3526 1131 3564 surumre
1141 3509 1291 3564 custodibus
1303 3511 1382 3571 areis,

287 3585 460 3644 W'Afluwlor
475 3585 567 3649 ἱέρειαν.
600 3589 660 3638 ‘Eis
671 3588 740 3640 fores
751 3603 813 3654 epe·
852 3585 1240 3655 Corripuereseeremeffiglem‚
1249 3588 1380 3637 menibus-

288 3661 342 3712 rolt
366 3661 470 3712 rucene
497 3662 618 3725 formose,
645 3665 726 3714 Cissei
751 3665 814 3726 filie,
852 3677 902 3730 que
928 3663 1042 3714 cruentis
1063 3661 1199 3724 Virgineus
1214 3662 1281 3710 *susi
1302 3662 1381 3714 cive

248 3795 249 3800 ¹
287 3735 813 3809 uxerAntenorirequestrisrlllsmenim
853 3739 1003 3803 contingere
1026 3730 1132 3788 vitreus
1153 3737 1252 3786 Unicus
1277 3737 1381 3796 fluidas,

289 3811 397 3874 'l’rejnni
416 3808 533 3861 fecerent
552 3809 677 3862 Minervae
696 3814 813 3865 sacerdo·
854 3815 923 3882 quud
939 3815 1027 3876 seium,
1046 3815 1122 3875 Dicty
1139 3821 1228 3862 nostro
1245 3811 1303 3864 iere
1320 3829 1381 3864 cou-

290 3885 361 3936 tens!
659 3905 661 3910 ’
853 3893 943 3952 sentit,
954 3892 980 3946 in
992 3905 1054 3940 voce
1065 3887 1211 3948 Παλλάδιον.

320 3961 394 4012 'ltu
408 3950 629 4026 perfeetosegotio]
658 3961 711 4013 Alii
727 3971 814 4016 temen
885 3965 1040 4030 ¹Exertiur]
1060 3956 1200 4014 Audacius.
1221 3963 1383 4028 Jemsuprs.

289 4036 345 4086 sere
354 4045 443 4086 ornnes
454 4035 560 4086 trudunt
561 4037 698 4102 ‚Ulyssem
709 4046 737 4090 et
749 4039 814 4090 Dio·
885 4053 897 4087 r
914 4043 1103 4108 liemdecidurt]
1123 4040 1153 4090 ld
1162 4050 1212 4107 est,
1220 4043 1381 4108 transigunt

290 4109 389 4158 medem
417 4109 561 4166 Palladium
583 4112 727 4163 abstulisse.
761 4113 813 4165 Adi
854 4120 1030 4184 paciscuntur,
1041 4118 1172 4169 dirimunt
1292 4125 1295 4130 “

241 4193 244 4196 “
291 4181 389 4234 Conon.
397 4192 493 4234 narrat.
502 4189 544 4234 er.
556 4193 583 4236 et
593 4187 685 4252 Vrrgrl
694 4203 726 4240 ιι.
743 4191 811 4241 ‘-1m
895 4211 897 4214 ·
