3152 4950
283 347 348 412 2⁶2
636 358 798 408 urcrros
822 357 1027 408 onerarere

284 497 364 588 [la]
387 502 475 574 Dein
490 499 615 578 Graeci,
632 501 725 568 veriti
739 521 781 567 ue
795 521 855 586 per
875 521 1005 567 moram
1026 502 1220 567 interventu
1235 501 1379 584 hyemis,

285 623 363 688 quae
388 602 574 685 ingruebat,
590 602 634 666 ab
656 603 843 684 navigando
865 602 1132 680 excluderentur,
1156 601 1324 669 deductas
1344 603 1381 668 iu

285 725 376 778 mare
404 721 506 768 neves
534 702 712 784 remigibus
740 702 944 786 reliquisque
970 704 1116 768 nauticis
1148 704 1379 768 instrumentis

285 805 477 888 complent:
501 812 603 887 atque
619 803 669 868 ita
682 803 826 877 cumhis
842 825 918 888 qum
933 804 1053 886 singuli
1067 805 1184 890 praeda
1197 806 1379 876 multorum

285 897 448 972 annorum
462 906 718 990 quaesiveraut'
740 905 932 971 discedant.
980 907 1109 970 AEueas
1124 907 1216 988 apud
1238 905 1378 987 mojam

283 1015 409 1087 manet,
421 1009 480 1092 qui
501 1014 582 1092 post
602 1006 799 1073 Graecorum
820 1007 1057 1100 prosectionem
1072 1020 1273 1074 cunctosex
1285 1009 1377 1074 Dar·

285 1111 400 1189 dano,¹
422 1117 522 1193 atque
537 1129 584 1174 ex
597 1110 754 1192 proxima
767 1110 967 1193 peninsulal
991 1109 1074 1189 adit,
1097 1116 1172 1176 orat
1195 1109 1246 1174 uti
1260 1128 1378 1177 secum

284 1211 488 1277 Antenorem
503 1229 603 1294 regno
619 1211 800 1294 erigerent.¹
843 1209 931 1290 Qua
947 1217 1135 1295 postquem,
1150 1229 1319 1294 praeverso
1333 1210 1378 1274 de

284 1335 324 1379 se
345 1313 475 1389 nuntio,
499 1310 661 1378 Antenori
683 1314 819 1395 cognita
839 1319 932 1391 sunt,
953 1313 1146 1395 regrediens·
1164 1312 1208 1378 ad
1228 1313 1379 1396 Trojam,

284 1414 481 1499 imperfecto
509 1413 643 1493 negotio
673 1414 768 1478 aditu
797 1413 1002 1497 prohibetur.
1046 1413 1100 1478 Ita
1128 1418 1269 1478 coaetus
1300 1433 1378 1478 oum

285 1517 375 1580 omui
401 1513 598 1598 patrimonio
621 1515 665 1577 ab
694 1514 799 1596 Troja
825 1515 974 1598 navigat,
997 1515 1194 1598 devenitque
1219 1513 1266 1578 ad
1289 1533 1380 1582 mare

284 1614 521 1692 Adriaticum,³
543 1615 667 1679 multas
678 1616 806 1680 interim
821 1621 932 1697 gentes
947 1617 1115 1680 barbaras
1129 1619 1381 1697 praetervectus:

284 1719 399 1802 ibique
428 1717 600 1782 constitnit
620 1717 676 1780 his
695 1719 753 1801 qui
777 1737 893 1782 secum
915 1718 1153 1800 navigaverant
1178 1716 1380 1794 ciuitatem,¹

282 1818 491 1902 appellatam
506 1813 685 1901 Corcyram
702 1817 909 1883 Meleeuam.⁸
950 1817 1104 1886 Ceterum
1126 1819 1216 1901 apud
1237 1817 1381 1902 Trojam

283 1928 464 2004 postquam
487 1918 577 1983 larua
596 1925 647 1984 est
661 1917 863 1984 Antenorem
884 1940 985 2000 regno
1007 1919 1161 2002 potitum,
1177 1919 1301 1996 cuncti,
1317 1921 1379 2002 qui

282 2021 369 2084 bello
385 2019 508 2084 residui
519 2027 713 2084 nocturnam
728 2020 874 2084 civitatis
890 2021 1023 2085 cladem
1037 2028 1227 2098 evaserant,
1243 2019 1286 2084 ad
1301 2039 1378 2084 eum

283 2120 468 2199 confluunt,
483 2121 645 2205 brevique
659 2122 773 2204 ingens
789 2123 912 2190 coalita
928 2123 1125 2188 multitudo:
1149 2129 1262 2187 tantus
1284 2140 1379 2186 amor

282 2241 361 2304 erga
375 2221 589 2298 Antenorem,
604 2231 706 2306 atque
720 2223 835 2306 opinio
853 2226 1030 2308 sapientiae
1044 2227 1250 2290 incesserat:
1273 2223 1378 2307 fitque

281 2323 438 2404 princeps
456 2323 614 2388 amicitiae
637 2324 708 2407 ejus
730 2345 791 2388 rex
806 2323 1033 2392 Cebreuorum
1048 2324 1240 2392 (lluideus.b
1285 2324 1377 2389 Haec

283 2443 346 2517 ego
361 2421 510 2488 Gnosius
526 2424 658 2508 DictyS,
681 2445 792 2490 comes
808 2427 994 2518 Idomenei,
1010 2428 1207 2512 conscripsi,
1226 2426 1377 2491 oratioue

282 2543 326 2590 ea
342 2545 443 2609 quam
459 2526 604 2591 maxime
619 2527 705 2592 inter
719 2534 786 2593 tam
800 2527 933 2594 diversa
946 2529 1103 2613 loquendi
1125 2547 1244 2611 genera
1259 2545 1376 2593 conse·

315 2871 328 2914 1
348 2867 445 2930 Delptr.
458 2867 501 2916 ulri'
510 2882 561 2918 cum
571 2868 610 2916 dia
620 2884 642 2932 q.
654 2885 675 2920 a.
685 2884 710 2919 n.
722 2886 741 2922 c.
753 2873 841 2922 condit.

781 3065 887 3116 NOTAE

282 3172 417 3236 Eurytania
429 3173 546 3224 meminit
558 3175 677 3226 Euatatlr.
695 3175 721 3224 in
734 3177 767 3226 ll.
778 3184 807 3228 A.
847 3192 918 3228 mare
946 3177 1106 3228 Adriaticum
1134 3176 1277 3225 devenisse.
1323 3176 1377 3225 Sed

312 3257 328 3283 w
345 3250 434 3300 Proedo
452 3253 577 3301 multorum
595 3255 807 3317 uanoramqnoerr'-
847 3268 904 3303 curn
920 3255 969 3303 hoc
986 3251 1061 3303 nimie
1077 3253 1166 3303 tritum
1184 3260 1212 3302 et
1223 3253 1330 3316 vulgare
1343 3254 1379 3301 vi·

278 3325 374 3388 omont]
391 3324 486 3376 Praeda
497 3335 539 3377 ert
551 3327 617 3376 acati
630 3341 713 3377 casua.
737 3329 806 3376 Pror-
847 3327 960 3390 deretur,
971 3329 1027 3392 ipse
1041 3329 1132 3378 maluit
1144 3328 1303 3377 Antenorem
1314 3329 1377 3378 'lto-

279 3402 311 3450 do
331 3397 495 3464 qnoaimroat.
535 3402 567 3452 ld
593 3410 642 3466 est,
665 3403 807 3468 predando
843 3402 1170 3466 jarerinere‚etAEneam
1183 3401 1378 3452 inmareAdri-

279 3469 460 3540 quaesiverant.
633 3538 637 3544 Ι
846 3479 1091 3531 aticumdedocere.

311 3560 324 3584 ¹
343 3553 384 3599 Ec
398 3552 525 3614 Dardano]
549 3553 685 3604 Dardanus
700 3558 808 3606 etDar-
878 3563 889 3589 ·
916 3557 1065 3620 apportarem
1086 3557 1214 3620 Corcyram
1236 3555 1377 3620 Melaerraar]

279 3626 372 3677 dacum
393 3627 453 3676 urbo
473 3628 533 3690 init,
549 3629 581 3677 ab
599 3629 692 3695 Abydo
709 3631 806 3682 distans
846 3633 957 3700 Corcyra
970 3636 1090 3696 Melana,
1103 3634 1130 3684 id
1147 3641 1196 3694 eet,
1209 3635 1325 3697 Corcyra
1340 3635 1376 3682 ni·

278 3706 320 3752 7⁰.
330 3699 429 3752 stadiis.
467 3703 518 3751 Sed
531 3704 580 3760 iric,
597 3707 696 3770 opinor,
709 3708 805 3760 Dorda-
845 3725 900 3775 gra,
913 3712 994 3759 insule
1006 3711 1084 3760 maris
1096 3709 1224 3759 Adriatici
1239 3709 1302 3758 ante
1314 3709 1377 3773 llly-

277 3792 334 3828 rnoa
345 3777 421 3837 dixit,
432 3791 480 3840 pro
491 3779 596 3840 regione
607 3780 755 3834 Dardania.
844 3786 935 3849 ricum,
946 3787 972 3836 in
984 3801 1035 3850 qua
1046 3786 1135 3835 urbem
1153 3799 1167 3833 a
1179 3783 1279 3834 Cnidiis
1290 3785 1377 3834 condi-

309 3863 321 3896 ἵ
340 3854 380 3901 ¹3²
389 3853 498 3915 l'lm'mss
509 3853 642 3918 P‘tfl'mla]
659 3857 755 3908 Nescio
766 3874 804 3909 aa·
844 3867 907 3925 tam,
918 3862 1001 3911 refert
1011 3861 1108 3912 Strabo
1121 3874 1173 3910 vrr.
1262 3871 1266 3880 “

278 3943 311 3978 ue
323 3942 398 3992 quam
410 3929 452 3978 hie
463 3928 622 3992 peninsulam
634 3931 732 3994 cogitet
742 3936 805 3985 Dic·
875 3937 888 3971 δ
905 3937 961 3988 Rex
972 3939 1129 3988 Gelrerorroa
1140 3935 1269 3998 OEaidm]
1280 3933 1378 3985 Cebre-

278 4014 330 4068 tyo,
341 4007 388 4055 uiri
404 3999 486 4071 ipsam
506 4008 692 4060 Chersonesum
711 4011 804 4063 intelli·
846 4013 873 4062 ui
885 4015 926 4062 vel
943 4013 1072 4063 Cebrenia
1087 4011 1159 4074 regio
1176 4011 1202 4059 in
1219 4009 1324 4059 Troade
1342 4009 1377 4058 ad

277 4080 324 4142 dli·
846 4089 1042 4151 Scamandrum,
1062 4087 1096 4135 de
1117 4101 1169 4151 qua
1190 4083 1248 4134 iure
1268 4085 1377 4146 errabo,

310 4157 484 4222 ''Dmeaitque
505 4161 536 4208 ad
557 4175 621 4211 mure
641 4161 804 4228 Adriaticum]
846 4176 908 4213 xrrr.
930 4163 998 4212 alibi.
1033 4162 1099 4211 llaec
1121 4168 1178 4211 erat
1200 4159 1249 4211 aab
1275 4160 1376 4210 ditione

279 4229 359 4281 Certe
381 4232 476 4283 Noster
503 4233 620 4286 andierat
643 4235 803 4290 Antenorem
845 4239 957 4289 Priami:
976 4235 1044 4290 nude
1055 4239 1135 4304 igitur
1147 4243 1257 4300 repente
1268 4253 1314 4288 rex
1327 4237 1376 4298 iate
