3152 4950
461 370 509 417 nn
532 369 653 417 nunno
677 368 848 418 rnorsrro
874 371 946 420 nro.
969 369 1019 419 ιι.
1212 353 1277 424 237

179 512 427 588 ΒιιοοΙίοιιιιιιι,ΙΓ
448 517 552 594 atque
567 510 740 575 Priamum
754 510 909 593 genitos:
932 529 1112 596 rursusque
1120 532 1165 578 ex
1175 511 1276 580 Cleo·

178 623 301 678 mestra
313 620 345 678 et
354 613 496 697 AEsyete
508 610 543 652 ⁸⁶
557 633 595 678 so
609 613 767 695 genitum.
805 611 958 676 Ceterum
974 612 1160 692 Priamum,
1174 634 1274 681 euno-

178 719 213 778 ta
229 714 307 797 jura
330 715 500 780 affinitatis
521 715 780 797 proculcantem,
796 713 902 795 magis
924 713 959 776 in
980 733 1063 778 suos
1084 715 1275 798 superbiam

179 820 283 898 atque
307 813 423 878 odium
440 813 645 878 exercuisse.
689 813 876 895 Postquam
890 812 991 878 finem
1005 815 1166 898 loquendi
1180 815 1275 893 lecit,

178 915 329 997 postulat
343 915 392 978 uti
407 915 566 997 quoniam
580 933 602 978 a
617 914 751 978 senibus
766 915 895 996 legatus
914 915 1010 997 pacis
1030 917 1156 979 missus
1171 925 1275 994 esset,

178 1015 341 1080 durentex
351 1035 412 1078 suo
419 1033 552 1078 numero
561 1033 636 1079 oum
648 1015 725 1098 quis
735 1035 836 1097 super
845 1017 905 1080 tali
915 1017 1048 1099 negotio
1057 1018 1274 1099 disceptaret:

178 1114 808 1199 electiqueAgamemnon,ldomenens,
818 1117 960 1200 Ulysses
970 1123 1072 1201 atque
1080 1118 1276 1194 Diomedes,

180 1217 240 1300 qui
245 1223 371 1282 secreto
381 1218 425 1280 ab
435 1216 512 1280 aliis
523 1216 742 1300 proditionem
748 1225 965 1299 componunt.
978 1217 1146 1284 Praeterea
1155 1220 1277 1301 placet,

178 1320 228 1382 uti
240 1319 372 1396 AEneae,
389 1318 419 1381 si
433 1336 629 1401 permanere
644 1319 677 1381 in
688 1317 872 1395 fidevellet,
881 1337 960 1400 pars
972 1319 1097 1401 preedee
1108 1325 1143 1382 et
1157 1319 1276 1384 domus

178 1420 337 1484 universa
350 1419 423 1502 ejus
438 1417 613 1482 incolumis
625 1416 789 1482 maneret.
833 1417 906 1500 Ipsi
921 1426 1032 1482 autem
1047 1417 1211 1482 Antenori
1226 1419 1277 1484 di·

178 1520 318 1584 midium
330 1521 486 1584 bonorum
499 1519 637 1594 Priami,
648 1535 849 1600 regnumque
858 1519 917 1582 uni
927 1518 1069 1582 filiorum
1079 1519 1162 1602 ejus,
1175 1537 1278 1603 quem

180 1621 345 1703 elegisset,
361 1619 606 1683 concederetur.
628 1615 698 1682 Ubi
714 1617 798 1681 satis
814 1624 992 1683 tractatum
1002 1621 1113 1684 visum
1128 1627 1195 1697 est,
1207 1619 1277 1684 An·

133 1773 136 1778 .
179 1729 272 1787 tenor
293 1721 336 1785 ad
357 1721 529 1785 civitatem
552 1718 739 1795 dimittitur,
760 1718 904 1783 referens
925 1719 968 1784 ad
989 1739 1070 1784 suos
1085 1720 1277 1834 composita

179 1823 263 1886 inter
273 1841 311 1916 se
325 1823 421 1904 longe
437 1822 515 1886 aliu
558 1820 600 1884 Iu
612 1821 689 1903 quis
703 1818 828 1882 donum
843 1819 1006 1884 Minervae
1020 1819 1130 1902 pareri
1145 1839 1167 1882 a
1181 1817 1278 1884 Gre-

180 1924 242 1998 cis,
256 1941 379 2005 eosque
402 1941 477 1986 cum
502 1919 605 2002 gratia
624 1937 744 2001 cupere
765 1924 904 2002 recepta
919 1906 1054 1983 Helena
1067 1925 1275 2003 acceptoque

180 2041 263 2086 auro
280 2023 403 2086 bellurn
426 2023 588 2098 omittere,
611 2025 710 2103 etque
726 2017 767 2082 ad
785 2037 864 2082 suos
878 2019 1015 2100 regredi
1059 2019 1117 2084 lta
1140 2037 1277 2101 compo·

182 2124 247 2186 sito
262 2125 411 2204 negotio,
423 2121 585 2200 Antenor,
596 2121 720 2184 tradito
735 2121 801 2184 sibi
816 2119 1013 2202 Talthybio,
1028 2139 1094 2203 quo
1112 2137 1164 2184 res
1179 2115 1275 2183 fidem

182 2225 359 2316 aooiperet,
373 2224 417 2288 ad
427 2223 564 2305 'frojam
579 2221 679 2287 venit.

212 2441 231 2486 o
246 2436 324 2499 Vulg.
337 2435 416 2485 Sueto.

673 2594 782 2646 Nonis

183 2712 375 2758 commemoret.
402 2705 563 2766 flemus.
579 2704 710 2768 oll'drrel
749 2704 832 2756 leder.

129 2825 132 2830 .
183 2781 710 2850 ιιρίιψινκειῐιόνθεενήδὲθνμιίτηνμιόμ·
782 2781 849 2829 'Ex
866 2780 1011 2828 coementes
1026 2783 1050 2830 et
1065 2777 1174 2843 maere]
1193 2779 1275 2828 Locus

183 2880 229 2911 πον
238 2880 276 2926 τε,
288 2859 389 2910 Κλύιιόν
399 2861 428 2923 d,
438 2859 558 2910 Ἱκετάονά
567 2861 598 2922 τ’,
607 2859 710 2922 ὄζονἈ-
750 2856 885 2920 singularis
905 2855 938 2904 de
957 2869 1053 2918 genere
1065 2854 1216 2917 Antenoris,
1231 2854 1277 2918 qul

184 2953 248 2999 ρηοε.
265 2937 410 2998 ‘Priamus
420 2942 448 2986 et
457 2937 598 2996 Pentheus
607 2935 710 2985 et'l'lru-
746 2933 788 2983 ste
815 2929 996 2980 Laomedontis
1022 2929 1190 2980 oonmbriuos
1214 2929 1280 2992 init.

184 3013 287 3074 molles,
299 3015 471 3076 Lamumque,
482 3011 643 3075 Clytlurque,
660 3010 708 3059 Hi·
750 3009 817 3056 Sene
829 3013 931 3056 veteres
942 3007 1064 3069 AEryeten
1075 3004 1215 3055 Antenoris
1234 3020 1279 3067 pe·

185 3096 431 3153 cetronquaramus
439 3085 551 3136 Martia?
572 3077 711 3148 Apollodo-
749 3088 816 3132 trem
825 3088 977 3131 memorant.
996 3081 1116 3130 Enststlr.
1126 3080 1158 3128 sd
1170 3079 1232 3128 illud
1245 3079 1278 3130 11.

185 3180 229 3214 rus
261 3169 384 3212 memorat
404 3159 550 3224 Tithonum,
577 3161 712 3223 Lamnum,
749 3164 778 3206 B.
807 3155 893 3218 τύμβῳ
910 3156 947 3205 ἐπ’
964 3155 1085 3217 ἀκροτάτῳ
1101 3152 1219 3210 Almrlrreo
1236 3149 1278 3214 γε

186 3235 661 3304 clymm,fltoetronem,1>riaurum,
683 3243 712 3286 et
750 3245 841 3296 porres·
873 3229 1010 3294 Ἀντήνορός
1024 3227 1277 3292 φευιιήριιιιὶοὔ·

186 3315 380 3366 Bouroliouem.
751 3304 939 3368 mirmur&
956 3304 1104 3368 Sepnleri'
1098 3317 1125 3352 ιιι
1143 3306 1277 3354 cacumine

213 3388 545 3449 Baeoliurrem]l·lomerns:
555 3385 712 3436 Βουκολίωνδ
751 3383 862 3446 AEsyetoe
874 3378 968 3430 seuisr'
987 3377 1143 3429 ‘Antenoris
1155 3376 1221 3426 dicit
1232 3392 1276 3440 pa

186 3464 217 3524 ἦν
235 3459 283 3512 olor
297 3461 386 3522 &ewen
400 3461 566 3521 Λωμέδονιος,
576 3461 712 3525 merendre·
750 3466 792 3508 ter
803 3463 831 3504 et
841 3453 1029 3517 Ucalegontlsss

186 3557 228 3589 ros
244 3537 327 3601 γενεῇ,
342 3535 436 3585 σκύνιον
451 3538 472 3585 δ’
487 3537 499 3585 i
514 3536 609 3598 γείνατο
627 3535 712 3598 nim.
781 3532 906 3580 'nanu
921 3531 1040 3579 Minerua
1055 3525 1149 3591 parm]
1175 3526 1277 3590 Equum

185 3615 347 3665 ‘Boucoliou
366 3619 452 3662 antem
471 3620 529 3661 eret
542 3611 610 3660 filius
622 3611 714 3674 inclyti
751 3607 859 3657 seilicet.
891 3605 964 3668 virg.
975 3617 1007 3655 ιι.
1024 3603 1082 3653 AEn.
1098 3603 1211 3652 ‘Votum
1229 3617 1276 3666 pro

109 3731 115 3742 .
186 3688 377 3745 Laomedontis,
399 3686 529 3736 Maximus
556 3693 635 3749 natu,
659 3684 712 3735 fur·
750 3681 837 3732 reditu
855 3679 990 3730 simulant!
1024 3681 1069 3742 Et,
1085 3677 1169 3727 ‘Pers
1186 3685 1276 3742 stupet

187 3768 286 3830 timque
299 3779 356 3814 euru
367 3762 451 3840 edidit
462 3763 561 3813 mater?
585 3763 648 3826 Ejus
659 3776 712 3810 me·
749 3761 865 3824 innupte
876 3757 971 3809 donum
983 3755 1086 3806 exitiale
1096 3752 1239 3804 Minerva?

186 3849 254 3892 trem
264 3839 396 3906 chalyben
407 3839 543 3904 nympham
558 3838 622 3890 dicit
632 3837 711 3904 Apol-
