3112 4950
299 357 364 424 332
672 373 834 424 nsnurrs
857 373 1016 424 ranucii

300 535 424 595 revere,
440 516 530 602 quod
553 534 720 600 nunquam
741 515 954 600 despexisset
978 513 1171 600 Trojanos,¹
1196 521 1229 581 et
1241 515 1390 599 Argivos

300 617 549 683 desiderasset.y
591 615 674 701 [aa]
696 616 841 681 Postera
863 616 918 680 die
941 616 1173 698 Agamemnon
1196 619 1305 700 coepit
1328 635 1390 681 ex·

298 719 436 784 ercitum
448 723 522 783 aute
536 723 662 801 portam
677 717 851 792 instruere,
862 723 897 780 et
908 715 1084 781 Dardanos
1098 715 1132 779 in
1146 715 1297 798 praelium
1308 737 1391 800 pro-

297 838 428 885 vocare.
471 818 625 884 Priamus
649 817 848 897 subsistere,
870 819 985 882 urbem
1008 817 1137 880 munire
1156 822 1191 881 et
1212 817 1391 900 quiescere

298 939 405 1004 usque
428 919 506 984 dum
529 919 864 986 Penthesilea¹'cnm
888 917 1120 984 Amazonibus
1145 919 1389 1000 superveniret.

297 1020 510 1086 Penthesilea
523 1026 641 1105 postea
655 1021 858 1104 supervenit,
873 1025 906 1085 et
919 1019 1098 1085 exercitum
1113 1017 1389 1102 contraArgivos

297 1120 431 1187 eduxit:
448 1122 487 1186 nt
501 1122 653 1206 praelium
667 1123 797 1206 ingens,
812 1143 873 1207 per
885 1123 1015 1206 aliquot
1029 1121 1100 1186 dies
1114 1126 1288 1204 pugnatur.
1315 1119 1388 1184 Ar-

297 1221 365 1304 givi
389 1223 425 1287 in
448 1223 566 1288 castris
589 1224 824 1306 opprimuntur.
867 1222 931 1288 Gui
949 1223 1010 1289 vix
1030 1221 1212 1287 Diomedes
1234 1220 1386 1284 obstitit:

297 1323 422 1406 alioqui
442 1330 553 1390 castra
566 1329 746 1404 vastasset,
769 1343 871 1390 naves
894 1323 1101 1390 incendisset
1116 1321 1329 1403 Argiuorum,
1350 1326 1387 1385 et

295 1424 488 1488 universum
511 1426 695 1490 exercitum
719 1427 945 1492 devastasset.
989 1423 1115 1490 Praelio
1137 1423 1278 1486 diremto
1296 1423 1388 1505 Aga·

295 1517 449 1590 memnon
464 1543 543 1590 suos
558 1526 593 1589 in
608 1527 728 1591 castris
741 1527 870 1592 retinet.
914 1526 1048 1591 Interim
1068 1523 1284 1588 Penthesilea
1304 1543 1386 1609 pro·

297 1623 347 1688 dit
382 1624 599 1708 quotidieque
626 1624 781 1690 devastat
809 1626 964 1708 Argivos,
996 1626 1032 1694 iu
1059 1624 1183 1689 bellum
1210 1630 1389 1707 provocat..

298 1721 526 1806 Agamemnon
540 1747 585 1791 ex
599 1727 741 1792 consilio
755 1733 866 1792 eastra
879 1727 987 1790 munit
1000 1730 1187 1808 tueturque,
1206 1732 1241 1788 et
1263 1725 1300 1788 in
1313 1726 1384 1790 bel-

299 1823 369 1887 lum
383 1843 450 1889 non
465 1827 600 1910 prodit,³
622 1827 821 1910 usquedum
841 1811 975 1892 advenit
990 1825 1163 1893 Menelaus
1177 1845 1252 1890 cam
1267 1825 1383 1909 Neop-

296 1925 429 1992 tolemo.
476 1926 717 2011 Neoptolemus
731 1933 768 1992 ut
782 1928 921 1992 advenit
931 1927 1039 2010 patris
1060 1927 1115 1991 sui
1137 1945 1231 1991 arma
1245 1928 1381 2010 accipit,

296 2026 386 2090 circa
397 2028 503 2109 patris
516 2029 677 2093 tumulum
686 2029 881 2096 lamentatur
890 2030 1032 2094 clamore
1043 2036 1188 2111 magno·
1209 2027 1383 2092 Penthesi-

296 2126 352 2191 lea
361 2146 404 2190 ex
417 2127 652 2194 consuetudine
664 2129 771 2194 aciem
780 2130 925 2208 iustruit,
935 2136 969 2194 et
979 2129 1092 2212 prodit
1101 2148 1207 2213 usque
1217 2129 1259 2192 ad
1270 2136 1385 2193 eastra

296 2225 507 2309 Argivorum.
545 2228 664 2294 Prodit
678 2229 931 2313 Neoptolemus,
948 2231 1175 2314 Myrmidonas
1189 2229 1333 2306 instruit,
1349 2236 1384 2294 et

296 2328 540 2396 contraeducit.
562 2327 792 2412 Agamemnon
801 2331 987 2396 exercitum
995 2332 1138 2396 insanit:
1153 2331 1269 2394 acriter
1279 2329 1382 2394 ambo

296 2427 518 2495 concurrunt.b
540 2429 782 2514 Neoptolemus
792 2437 933 2514 stragem
941 2431 1038 2497 facit:
1054 2432 1383 2498 Penthesileaoccur-

294 2527 348 2605 rit,
356 2528 483 2594 fortiter
491 2531 643 2595 cominus
658 2533 758 2598 stetit.
781 2531 872 2596 Dum
880 2551 940 2616 per
950 2532 1077 2615 aliquot
1086 2532 1156 2596 dies
1167 2519 1286 2595 acriter
1297 2549 1380 2612 pug-

294 2636 467 2709 naverunt,
479 2633 578 2696 ambo
594 2633 719 2696 multos
729 2633 925 2698 occiderant.
969 2631 1179 2697 Penthesilea
1193 2630 1226 2695 N
1229 2630 1381 2714 eoptole·

295 2749 383 2795 mum
403 2732 542 2798 sauciat
586 2731 659 2810 Ille,
674 2733 789 2797 dolore
811 2739 960 2816 accepto,
976 2731 1183 2798 Amazonum
1199 2732 1379 2797 ductricem

751 2865 931 2902 eeaeenmm

328 2978 343 3026 t
360 2973 458 3029 Omnes
467 2989 545 3026 voees
555 2990 569 3026 a
580 2978 683 3040 quotidie
695 2993 776 3044 usque
787 2980 820 3030 ad
829 2982 911 3046 prodit
922 2981 1016 3032 desunt
1028 2981 1125 3045 Delph.

784 3127 894 3178 NOTAE

327 3224 340 3249 ¹
357 3217 426 3274 Quod
439 3233 556 3282 susqouta
574 3221 717 3284 &specimet
737 3222 817 3282 l'rojo·
859 3224 947 3276 orbern
960 3228 1107 3276 retractam.

294 3292 354 3356 aas}
370 3293 410 3342 Ex
429 3293 542 3344 Homero
562 3303 674 3358 constat,
690 3298 817 3347 Helenum
889 3308 899 3332 ¹
920 3300 998 3363 Usque
1007 3300 1061 3348 dum
1072 3297 1233 3362 Penthesilea]
1258 3297 1376 3348 Sedsate

294 3381 424 3432 uunquam
444 3369 569 3431 Troianos
590 3370 756 3434 despexisse:
780 3373 818 3422 uit
858 3373 986 3426 ademtam
1023 3374 1164 3442 Hectorem
1202 3375 1377 3438 supervenisse

296 3443 373 3505 eninr,
384 3443 416 3492 ll.
435 3449 459 3494 ι’.
470 3443 502 3492 sd
518 3445 666 3497 Priamum:
683 3446 772 3499 molis
789 3447 819 3498 et
859 3448 1057 3510 Penthesileam,
1068 3463 1145 3512 supra
1156 3449 1378 3510 narravitDietyr,

294 3536 333 3578 μοι
343 3518 405 3582 teet,
414 3517 471 3582 piar
481 3519 556 3584 inopi,
568 3521 640 3573 δεινός
650 3542 685 3574 τε.
712 3526 720 3554 ‘
732 3525 817 3576 Reve-
856 3525 990 3591 ipsumque
1007 3525 1156 3580 Hectorem,
1167 3526 1191 3574 ei
1208 3523 1308 3572 obviam
1321 3537 1377 3586 pro·

294 3594 436 3658 rendnsque
452 3595 513 3644 mihi
530 3611 566 3660 ss,
580 3597 675 3650 dilecte
690 3614 774 3665 socer,
785 3601 817 3652 ti·
856 3597 962 3663 tectum,
973 3601 1005 3651 ab
1017 3598 1117 3650 Achille
1129 3612 1175 3662 per
1185 3596 1289 3648 insidiae
1299 3595 1378 3646 inter·

294 3669 470 3734 mundosque?
854 3675 961 3732 sectum.

326 3753 337 3788 t
356 3745 389 3794 lit
402 3745 505 3806 Argiuos
519 3748 684 3814 desiderasset]
711 3753 750 3802 lix
763 3753 817 3804 Ho-
887 3761 900 3792 ⁸
915 3754 1069 3804 humator
1084 3754 1185 3802 ctam
1197 3749 1294 3812 meo]
1311 3749 1377 3800 Vide

293 3834 365 3870 mero
374 3820 399 3869 id
409 3825 604 3886 qaoquemultio
612 3825 682 3876 locis.
707 3828 742 3877 Et
752 3829 817 3894 ipra,
856 3829 924 3894 apud
936 3829 1044 3893 Dictyu.

294 3895 362 3958 spud
375 3895 523 3958 Euripidem
535 3897 561 3946 in
572 3898 728 3962 Troadibus,
738 3902 775 3951 ait
789 3917 818 3952 se
860 3945 862 3950 ,
886 3900 1248 3963 bsateemooommat]
1263 3901 1326 3949 Vult
1339 3900 1378 3950 di·

294 3970 387 4032 supina
408 3979 466 4033 pest
487 3982 595 4023 mortem
615 3975 717 4024 Paridis
739 3977 819 4040 Troju
858 3992 927 4040 cere,
946 3977 1165 4042 Agamemnonem
1186 3985 1215 4027 et
1236 3976 1378 4038 Neoptole-

294 4045 382 4107 egredi
394 4054 515 4108 tentasse,
527 4057 555 4099 et
572 4050 720 4100 (trecorum
732 4061 818 4103 eastra
857 4069 926 4104 mum
942 4069 993 4104 uus
1004 4054 1031 4104 in
1046 4053 1131 4103 hostes
1142 4052 1265 4116 impetum
1276 4049 1377 4100 iecisse.

293 4125 449 4181 penetratu
472 4128 498 4171 et
514 4137 572 4172 com
585 4125 663 4174 etism
674 4123 816 4186 petionem
855 4127 906 4178 Sed
917 4128 955 4176 ita
964 4127 1053 4178 scribit
1069 4133 1154 4178 umen
1171 4126 1273 4188 ineptus
1284 4125 1380 4188 nomo,

293 4209 309 4246 e
327 4195 405 4246 moris
423 4197 597 4264 delaberetur,
615 4201 768 4267 strigilibus
787 4205 813 4258 in
855 4200 1105 4258 attereoredsseos
1116 4199 1142 4252 in
1154 4199 1307 4252 reirmirse.
1372 4227 1378 4240 ι
