3112 4950
280 329 346 399 824
650 302 815 394 nnunme
838 309 999 391 rnnrorr

191 553 193 556 .
280 486 440 554 ditionem
456 482 646 580 Palamedis
661 490 782 550 narrat.
826 484 883 550 Illi
897 484 1037 550 moleste
1050 482 1165 548 serunt.
1194 477 1370 564 Agamem·

278 607 349 653 non
370 587 453 651 dicit
475 605 513 650 se
539 586 678 650 moleste
698 604 768 648 non
789 583 885 662 ferre,
912 603 975 649 sua
990 583 1163 649 voluntate
1186 583 1222 647 id
1242 583 1369 647 factum

279 707 364 752 esee.
407 687 536 750 Interea
550 685 750 750 Palamedes
765 703 867 748 naves
881 683 1130 767 comparandas
1140 689 1246 760 curat,
1257 689 1369 747 castra

159 853 162 858 .
278 787 544 864 munit‚turribus
560 786 754 850 circumdat.
777 785 913 868 Trojani
928 784 1111 848 exercitum
1122 787 1288 860 exercent,
1299 801 1370 845 mu·

278 905 352 951 rum
366 887 541 968 diligenter
560 886 756 963 resarciunt,
778 884 900 962 fossas,
923 891 959 948 et
973 883 1101 949 vallum
1116 883 1289 966 diligenter
1312 881 1369 946 ad·

278 987 372 1065 dunt,
386 991 562 1071 ceteraque
577 990 789 1069 componunt·
832 984 914 1070 [22]
936 985 1121 1067 Postquam
1135 983 1208 1048 dies
1223 984 1300 1046 anni
1311 1001 1369 1046 re·

277 1086 328 1152 nit
340 1107 409 1170 quo
425 1087 554 1152 Hector
568 1087 720 1170 sepultus
733 1091 795 1164 est,
815 1085 969 1149 Priamus
985 1089 1019 1148 et
1034 1084 1178 1150 Hecuba
1192 1089 1226 1148 et
1241 1083 1368 1166 Polyx-

278 1207 351 1264 ena,
367 1189 533 1272 ceterique
555 1187 708 1270 Trojani,
729 1187 772 1250 ad
795 1186 985 1269 sepulcrum
1007 1184 1080 1267 ejus
1104 1183 1243 1268 proiecti
1264 1190 1367 1246 sunt.u

278 1286 414 1366 Quibus
431 1289 552 1352 obvius
567 1287 603 1352 fit
616 1286 778 1362 Achilles,
793 1286 1000 1370 Polyxenam
1023 1285 1275 1368 contemplatur,
1297 1283 1369 1364 figit

277 1391 435 1466 animum,
457 1407 568 1452 amare
583 1407 656 1452 eam
671 1389 876 1452 vehementer
898 1387 1015 1468 coepit.
1058 1385 1153 1448 Tunc
1169 1384 1288 1448 ardore
1307 1385 1370 1447 im·

277 1488 410 1570 pulsus,
425 1488 578 1552 odiosam
591 1488 692 1551 vitam
708 1489 742 1550 in
764 1506 876 1552 amore
891 1504 1089 1550 consumere
1102 1485 1219 1568 coepit,
1232 1491 1267 1548 et
1280 1503 1367 1566 aegrc

277 1588 402 1652 serebat
417 1589 584 1652 ademtum
600 1589 775 1670 imperium
789 1586 1041 1669 Agamemnoni,
1063 1585 1196 1668 sibique
1211 1585 1367 1650 Palame-

278 1689 353 1752 dem
369 1689 598 1771 praepositum.
635 1687 758 1754 Amore
774 1692 925 1770 cogente,
937 1687 1086 1771 Phrygio
1099 1697 1197 1752 'servo
1211 1685 1365 1750 fidelissi·

276 1807 333 1852 ruo
347 1789 504 1853 mundata
519 1789 578 1852 dat
590 1788 727 1852 ferenda
742 1790 787 1852 ad
803 1789 1000 1854 Hecubam:
1023 1793 1057 1852 et
1078 1788 1121 1850 ab
1143 1806 1184 1850 ea
1205 1786 1270 1850 sibi
1282 1806 1368 1851 uxo·

276 1908 347 1954 rem
361 1890 492 1972 poscit:
513 1891 578 1954 hoc
593 1890 622 1954 si
636 1889 765 1967 fecerit,
782 1909 819 1954 se
834 1908 911 1952 cum
926 1889 998 1952 suis
1018 1887 1284 1970 Myrmidonibus
1306 1885 1367 1950 do-

276 2007 366 2053 mum
382 1989 573 2054 rediturum.
618 1987 718 2066 Quod
733 2009 809 2052 cum
826 1991 900 2072 ipse
922 1988 1047 2065 fecerit,
1068 1992 1372 2069 eorumquoque*

275 2088 365 2154 idem
390 2089 548 2154 factumn.
592 2088 717 2152 Servus
740 2087 977 2168 proficiscitur,
1004 2086 1047 2150 ad
1074 2085 1252 2150 Hecubam
1266 2085 1367 2160 venit,

275 2187 436 2254 mandata
451 2188 550 2253 dicit:
574 2187 721 2251 Hecuba
735 2185 907 2270 respondit
923 2204 960 2250 se
974 2185 1073 2261 velle,
1096 2185 1155 2248 sed
1177 2184 1208 2246 si
1229 2183 1365 2247 Priamo

275 2288 350 2352 viro
365 2306 428 2352 suo
449 2289 603 2370 placcat:
626 2287 707 2350 dum
728 2287 804 2368 ipsa
825 2305 901 2350 oum
923 2285 1057 2349 Priamo
1072 2289 1160 2365 agat,
1180 2302 1296 2348 servus
1315 2302 1367 2363 τος

275 2387 361 2451 verti
370 2387 527 2469 jubetur:
551 2404 667 2451 servus
682 2387 774 2468 quod
800 2386 926 2467 egisset
945 2384 1070 2450 Achilli
1091 2384 1234 2448 nuntiat.
1276 2381 1368 2472 Aga-

274 2505 428 2551 memnon
442 2506 519 2552 cum
533 2506 653 2568 magno
668 2493 856 2550 commeatu
874 2487 918 2551 ad
942 2492 1053 2550 castra
1067 2486 1249 2549 revertitur.
1292 2483 1365 2546 He·

277 2586 367 2650 cuba
382 2604 458 2648 cum
472 2585 609 2649 Priamo
626 2585 667 2648 de
683 2585 875 2649 conditione
889 2581 1031 2650 Achillis
1041 2593 1059 2663 l,
1068 2582 1227 2666 loquitur.
1270 2583 1367 2649 Pria·

273 2702 348 2747 mue
361 2683 546 2765 respondit,
560 2681 633 2746 heri
647 2701 714 2746 non
729 2700 850 2764 posse:
872 2703 940 2748 non
960 2683 1036 2749 ideo
1052 2684 1144 2766 quod
1163 2703 1238 2748 eum
1257 2681 1364 2748 affini·

272 2789 345 2846 tate
357 2781 525 2864 indignum
539 2784 731 2864 existimet3
754 2783 815 2846 sed
830 2784 861 2846 si
874 2785 906 2846 ei
920 2784 1059 2861 dederit,
1081 2791 1116 2853 et
1137 2784 1217 2848 ille⁵
1240 2784 1365 2848 disces·

274 2881 363 2956 serit,
378 2885 509 2945 ceteros
525 2901 592 2945 non
607 2881 837 2946 discessuros:
853 2887 887 2946 et
897 2880 1048 2966 iniquum
1060 2903 1146 2962 esse,
1156 2883 1363 2948 filiamsuam

178 3063 182 3069 ⁵
273 2979 364 3041 hosti
373 2978 525 3060 jungere.
569 2981 783 3064 Quapropter
798 2982 828 3046 si
842 2983 878 3045 id
892 2982 965 3047 fieri
979 2985 1090 3062 vellet,
1111 3003 1184 3068 pax
1198 2989 1364 3066 perpetua

274 3077 344 3154 fiat,
358 3083 394 3140 et
407 3081 574 3144 exercitus
589 3079 756 3157 discedat,
770 3079 907 3146 foederis
925 3082 1004 3165 jura
1026 3084 1230 3148 sanciantur.
1275 3083 1314 3146 Si
1328 3081 1363 3145 id

277 3177 405 3242 factum
420 3179 475 3256 sit,
489 3198 525 3244 se
540 3179 572 3244 ei
586 3178 724 3244 libenter
745 3178 849 3244 filiam
865 3181 1029 3245 daturum.
1074 3183 1194 3266 Itaque
1208 3201 1284 3247 cum
1297 3199 1364 3246 ser-

274 3295 336 3341 vus
352 3278 396 3342 ad
412 3277 589 3344 Hecubam
610 3280 733 3346 missus
754 3285 844 3345 esset
864 3281 907 3345 ab
927 3279 1066 3362 Achille,
1089 3283 1206 3348 eadem
1217 3281 1362 3348 Hecuba

306 3605 322 3650 l
340 3598 479 3664 ceterosque
491 3602 631 3666 Delum-t
649 3604 787 3656 Omittitur
797 3606 838 3658 ille
846 3607 943 3672 Delph.

763 3783 873 3848 horn

305 3908 374 3960 -Αα
393 3897 601 3972 aprunianus·
607 3907 711 3980 praece
730 3911 798 3974 aas]
869 3910 1206 3975 vomereuomere]
1234 3911 1287 3962 nu
1302 3926 1364 3976 pro·

273 3981 346 4032 Nota
366 3996 478 4032 morem:
496 3997 563 4055 anno
579 3984 704 4032 redeunte
716 3991 743 4034 et
754 4000 797 4034 eo·
837 3985 893 4050 pria
903 3985 1027 4050 loquitur,
1037 3985 1064 4034 id
1073 3991 1123 4046 eet,
1130 3985 1163 4034 de
1173 3984 1320 4036 conditione
1329 3988 1363 4037 ab

274 4052 334 4104 dem
344 4054 388 4106 die
398 4056 430 4106 ad
443 4053 536 4134 mortui
547 4057 692 4130 sepulcrum
704 4072 796 4112 conve·
835 4059 936 4110 Achille
948 4061 1043 4110 obluta.
1075 4060 1197 4110 conditio
1206 4067 1363 4124 autempro·

273 4128 355 4178 ciunt.
420 4131 423 4136 '
494 4173 495 4178 ,
635 4179 640 4188 ,
720 4139 723 4144 “
835 4135 892 4199 prie
903 4141 942 4186 est
954 4136 1071 4201 quaedam
1080 4136 1228 4200 nuptiarum
1240 4136 1338 4199 pactio.
