3120 4950
270 362 316 435 38
530 373 612 430 rac.
637 371 830 422 rnuraouu
858 366 1110 428 orssrammo

270 533 340 588 tem
357 520 552 586 Memnonis
575 515 697 584 collum
722 513 822 578 hasta
841 511 1025 595 trajecisse,
1047 515 1084 574 et
1105 507 1155 574 ita
1177 526 1255 572 eum
1277 511 1371 588 ecee

272 625 385 690 disse:
407 622 494 688 Eum
516 622 630 704 ipsum
645 615 722 680 dein
744 614 867 680 vicisse
883 611 994 679 denuo
1009 607 1186 694 Troianos,
1200 614 1234 674 et
1248 615 1371 692 captos

272 725 399 792 Priami
425 723 526 802 filios,
553 720 701 786 Troilum
726 723 761 782 et
790 716 992 800 Lycaonem,
1013 712 1201 795 jugulasse:
1224 711 1372 794 deniqne

272 847 347 897 cnm
362 825 505 892 induciae
527 828 639 888 essent
660 823 797 903 propter
817 816 956 881 solenne
979 812 1172 896 Thymhraei
1185 809 1373 895 Apollinis,

272 936 307 994 et
321 928 365 994 ah
380 927 529 1010 utrisque
543 942 645 988 sacra
659 921 775 986 tierent
788 919 821 984 in
843 918 915 1002 ejus
937 915 1016 980 luco
1038 922 1132 978 extra
1148 913 1259 988 Ilium,
1274 913 1373 995 Priaf

272 1048 363 1094 mum
390 1028 523 1094 misisse
546 1025 677 1094 Idaeum
700 1021 744 1086 ad
767 1019 935 1087 Achillem
965 1019 1006 1082 dc
1027 1017 1204 1100 Polyxena
1224 1017 1291 1100 ipsi
1314 1016 1374 1080 de·

274 1129 482 1214 spondenda,
492 1125 657 1194 Achillem
674 1142 753 1188 vero
763 1122 946 1204 separatim
959 1139 1034 1183 cum
1048 1118 1142 1183 Idaeo
1154 1119 1376 1198 collocutum,

271 1231 373 1315 idque
388 1229 530 1295 Graecos
542 1227 680 1310 sequius
696 1224 890 1306 accepisse:
915 1222 1000 1286 Mox
1012 1221 1200 1286 accessisse
1215 1219 1374 1301 Paridem

273 1338 308 1398 et
329 1330 554 1414 Deiphobum,
575 1345 718 1412 quorum
743 1325 802 1390 ille
816 1321 993 1402 Achillem,
1016 1341 1114 1406 quem
1137 1321 1193 1388 hic
1216 1341 1276 1404 per
1296 1343 1376 1406 epe-

273 1433 360 1498 ciem
377 1432 536 1498 amicitiae
564 1429 762 1513 complexus
777 1427 924 1505 tenebat,
939 1425 1027 1509 apud
1051 1445 1142 1496 aram
1164 1426 1278 1516 gladie
1293 1447 1377 1491 con.

274 1532 416 1600 sederit:
439 1551 508 1615 quo
529 1531 621 1597 sacto
644 1529 722 1592 illos
745 1528 814 1592 alia
831 1528 900 1606 via,
915 1545 1016 1610 quam
1031 1545 1100 1610 qua
1114 1534 1282 1605 venerant,
1296 1529 1376 1594 luco

275 1652 438 1716 egressos,
462 1652 560 1698 cursu
581 1629 792 1696 contendisse
818 1629 941 1696 Ilium:
963 1627 1105 1712 Aiacem
1128 1649 1210 1696 vero
1234 1631 1377 1696 Diome-

278 1734 357 1806 dem
379 1740 413 1800 et
427 1733 603 1816 Ulyssem,
625 1733 683 1816 qui
704 1738 802 1794 extra
823 1729 937 1796 lucum
958 1731 1183 1814 expectabant
1196 1731 1379 1810 Achillem,

164 1903 167 1910 ,
277 1853 352 1904 cum
383 1836 566 1914 coacturi,
589 1853 665 1898 cnm
687 1833 767 1896 illos
797 1831 1007 1914 aufugientes
1027 1851 1072 1901 ex
1098 1832 1176 1898 luco
1200 1833 1378 1912 vidissent,-

277 1937 475 2014 accurrisse,
505 1941 540 2000 et
560 1934 733 1998 invenisse
759 1933 836 1998 istic
863 1932 1031 1998 Achillem
1053 1935 1201 2005 letaliter
1226 1936 1379 2003 vumera«

277 2044 367 2103 tum:
390 2036 521 2102 dixisse
545 2044 625 2100 tunc
650 2033 801 2119 Ajacem,
825 2034 928 2100 ‘Fuit
948 2036 1178 2102 confirmatum
1201 2057 1243 2104 ac
1265 2057 1379 2106 verum

277 2158 336 2223 per
357 2141 529 2220 mortales,
552 2139 678 2204 nnhum
701 2136 875 2202 bominum
897 2137 1053 2215 existere,
1068 2139 1126 2221 qui
1150 2149 1183 2205 te
1209 2159 1292 2208 vera
1311 2141 1378 2208 vir·

277 2247 352 2305 tute
367 2247 552 2326 superaret,
567 2238 629 2306 sed
651 2240 700 2304 uti
723 2239 835 2322 palam
851 2243 916 2316 est,
939 2246 1000 2303 tua
1021 2245 1054 2302 te
1070 2240 1261 2306 inconsulta
1275 2247 1378 2314 teme·

278 2341 359 2406 ritas
382 2339 553 2426 prodidit!
594 2337 675 2416 Vel,
701 2339 731 2402 si
755 2327 1032 2407 malumus'haee
1050 2339 1171 2408 Graece
1196 2343 1303 2420 legere
1333 2362 1380 2408 ex

279 2442 418 2522 Malela,
432 2445 494 2506 Ἦν
516 2443 574 2527 ἄρα
597 2439 716 2518 ἀληθῶς,
733 2436 810 2516 ὅστις
835 2439 982 2529 ἀνθρώπων
995 2442 1162 2520 (dicuntur
1183 2445 1258 2508 hacc
1281 2447 1380 2529 qnasi

279 2563 341 2630 per
354 2545 660 2624 interrogationem,
676 2541 777 2608 ‘Fuit
791 2560 868 2622 erge
884 2562 960 2606 vere
968 2545 1091 2626 aliquis
1106 2545 1288 2625 hominum,
1299 2547 1379 2630 qui‚'

280 2648 340 2710 &u
352 2646 382 2723 l)
403 2641 518 2720 ἠδύνατο
539 2639 645 2706 κτεῖναί
660 2665 693 2704 σε
707 2644 787 2727 ἀλκῇ
802 2641 966 2732 &reaigente
980 2643 1108 2724 πάντωνς
1130 2645 1216 2708 Ἀλλ’
1229 2653 1245 2723 ἡ
1261 2649 1297 2726 σὴ
1311 2671 1382 2732 spe·

280 2743 378 2810 alvena
400 2740 535 2808 ἀπώλεσί
554 2763 606 2807 σιτ
652 2743 895 2828 Respondente
917 2744 1065 2825 Achille,
1093 2748 1193 2813 ‘dolo
1208 2769 1260 2812 me
1275 2756 1379 2834 atque

281 2846 414 2916 insidiis
431 2833 635 2934 Deiphobus
660 2850 761 2926 atque
778 2843 970 2930 Alexander
987 2847 1173 2932 Polyxenae
1188 2851 1294 2932 gralia
1316 2853 1382 2921 cir-

281 2947 500 3014 cumvenere?
517 2941 601 3030 Δᾶλῳ
613 2944 783 3032 εἰργάσαντό
793 2971 830 3028 με
839 2945 929 3035 Πάρις
941 2950 990 3012 καὶ
1002 2950 1144 3031 Δηΐφοβος
1156 2954 1202 3018 διὰ
1212 2951 1383 3032 Πολυξένην.

285 3050 372 3130 Quae
403 3047 541 3114 Malelae
563 3049 667 3112 verba
689 3057 812 3114 temere
835 3051 987 3118 solicitat
1008 3054 1084 3138 ejus
1105 3057 1224 3133 editor,
1246 3057 1382 3140 legens:

283 3151 375 3216 Δόλον
394 3144 566 3235 εἰργάσαπό
582 3173 628 3230 με.
673 3149 764 3216 Nam
786 3153 901 3218 eadem
916 3156 1016 3238 plane
1033 3157 1133 3231 hahet
1149 3159 1334 3239 cedrenus,
1348 3167 1386 3226 et

283 3253 390 3340 magis
406 3253 605 3340 conveniunt
621 3271 696 3331 cum¹
711 3260 829 3330 nestro
844 3256 1023 3338 Septimio.
1067 3259 1257 3328 Posuerunt
1271 3267 1386 3328 autem

282 3355 346 3436 illi,
362 3360 399 3422 ut
412 3353 530 3438 liquet,
546 3351 715 3439 abydenas
738 3375 800 3438 pre
816 3354 1026 3442 daeapyeleavro,
1041 3360 1105 3426 hec
1121 3368 1185 3439 est,
1202 3364 1385 3430 ‘coniece-

283 3465 371 3536 runt,
395 3455 658 3536 interfecerunt?
701 3456 791 3522 Haec
817 3479 894 3542 ergo
917 3461 1030 3524 omnia
1044 3468 1140 3526 tanto
1157 3483 1335 3536 consensu,
1349 3471 1385 3530 et

282 3580 392 3629 rerum
403 3579 425 3624 a
435 3561 605 3634 communi
616 3562 781 3624 sententia
803 3579 898 3645 soepe
912 3562 1169 3642 abhorrentium,
1183 3573 1217 3630 et
1230 3568 1384 3650 aliqnan-

285 3661 329 3738 do
346 3660 449 3724 etiam
467 3661 614 3742 ipsarum
628 3661 849 3741 locutionum,
862 3665 982 3728 eodem
995 3685 1129 3749 prorsus
1141 3667 1268 3746 ordine,
1286 3689 1384 3752 repe-

285 3763 351 3836 ries
373 3760 465 3845 apud
482 3759 659 3838 Nostrum,
676 3779 732 3824 11¹·
755 3769 789 3828 et
812 3781 861 3828 ιν.
884 3768 942 3850 qui
967 3774 1077 3838 tamen
1099 3775 1134 3832 et
1156 3770 1224 3834 elia
1246 3772 1385 3834 minoris

284 3865 389 3948 paulo
411 3862 580 3940 momenti,
596 3881 638 3926 ac
660 3864 769 3928 minus
795 3865 979 3946 Historica‚
1003 3870 1142 3941 subinde
1163 3873 1324 3954 aspergit,
1352 3881 1388 3940 et

256 4031 261 4042 ,
284 3967 357 4035 haec
373 3967 449 4048 ipsa
463 3962 660 4048 plerumque
674 3965 824 4047 pluribus
845 3969 1020 4053 aliquanto
1035 3973 1147 4036 verbis
1170 3975 1384 4056 exsequitur:

287 4073 323 4130 et
337 4065 428 4148 apud
442 4064 606 4140 Malelam
622 4067 655 4130 in
672 4067 794 4134 Teucri
807 4069 999 4136 Telamoaii
1011 4074 1203 4139 narratione
1217 4094 1326 4138 rernm
1341 4077 1386 4140 ab

285 4165 420 4240 Achille
443 4164 662 4251 potissimum
688 4178 856 4251 gestarum
883 4173 926 4240 ad
951 4173 1115 4256 Pyrrhum
1143 4175 1244 4258 hujus
1268 4177 1386 4254 lilium,
