3136 4948
220 449 222 453 ,
290 405 538 456 nissultsuulo
563 407 612 458 DE
637 407 819 456 flieronis
845 409 957 460 ΗΜΛ
982 371 1161 462 uncinus.
1226 398 1266 466 21

75 579 78 584 ·
180 553 240 614 aut
254 551 378 614 sensim
398 569 466 615 una
492 569 566 615 cum
590 551 757 616 communi
779 553 887 616 amico
905 554 1157 620 intermoriatur.
1200 555 1269 620 uu-

179 653 263 716 bens
287 652 403 739 itaque
425 651 547 742 arripui
562 653 841 738 qualemcumque
865 653 951 719 hauc
974 655 1189 720 occasionem
1204 663 1270 720 tos·

179 751 273 818 tandi
293 753 429 836 publice
451 773 558 819 meam
575 755 618 820 de
637 761 670 820 te
696 754 983 834 existimationem,
1004 762 1041 820 ot
1061 757 1158 822 simul
1180 757 1267 822 urbi·

179 854 278 916 trium
293 853 337 917 ed
350 858 384 918 te
398 853 570 920 deferendi
582 856 683 939 hujus
699 856 742 920 de
757 856 883 939 Dictys
907 855 1059 922 Cretensi
1073 864 1109 923 ot
1122 859 1199 942 ejus
1212 858 1268 924 In-

177 957 321 1036 terprete
335 953 588 1036 disputationis,
605 956 713 1021 tenuis
727 957 819 1020 illins
835 957 970 1040 quidem
984 968 1018 1022 et
1031 959 1165 1040 exiguae
1178 975 1271 1042 pror·

177 1073 246 1130 sus,
268 1053 328 1118 sed
352 1057 407 1120 cui
422 1056 563 1140 peritior
577 1065 624 1134 te,
648 1062 705 1121 eut
727 1057 857 1140 aequior
880 1058 1036 1122 constitui
1058 1055 1181 1124 arbiter
1201 1079 1269 1124 nou

176 1159 318 1236 poterat,
333 1157 459 1238 quippe
473 1157 531 1240 qni
545 1159 620 1239 ipse
634 1158 744 1222 omnis
757 1157 887 1238 generis
902 1165 938 1222 et
952 1159 1063 1224 aetatis
1079 1159 1270 1242 Scriptores

176 1261 306 1319 veteres
321 1274 386 1319 non
411 1263 536 1321 tantum
552 1259 745 1323 excusseris
759 1259 888 1337 sedulo,
902 1260 963 1324 sed
985 1266 1019 1324 et
1040 1277 1100 1342 per
1120 1267 1154 1323 te
1176 1261 1269 1324 illua·

176 1359 281 1420 iratos
306 1355 469 1421 edideris.
526 1357 623 1436 Vale,
650 1359 716 1424 Vir
746 1361 1040 1436 Praestantissime,
1068 1367 1103 1424 et
1127 1359 1269 1426 feliciter

175 1475 276 1539 porro
291 1461 383 1522 tuam
408 1477 449 1522 ac
464 1459 647 1525 literarium
671 1479 740 1524 rem
755 1481 843 1542 gere.
886 1459 1043 1542 Lugduni
1061 1462 1096 1524 in
1112 1459 1266 1539 Batavis,

176 1577 209 1623 a.
224 1558 257 1622 d.
274 1575 323 1622 ιν.
349 1558 431 1622 Idus
446 1559 604 1638 Sextiles,
620 1576 681 1627 oro
694 1577 800 1626 roccr.

579 1779 878 1790 ...aaa-n...—

472 1945 656 1996 SYLLABUS
673 1943 983 1998 DlSSEliTATlONlS

171 2055 196 2106 1.
213 2057 305 2108 Nellos
315 2057 403 2108 extitit
415 2059 508 2124 Dictys
519 2060 650 2110 Cretensis
653 2073 716 2123 ,qur
709 2059 855 2123 'trojanas
865 2073 906 2110 res
916 2060 967 2110 iilis
978 2057 1138 2124 tenporibus
1153 2057 1266 2124 seripse-

165 2138 253 2200 rit,
268 2139 337 2202 qnod
355 2139 516 2189 tradiderunt
535 2139 623 2188 Greci
642 2137 769 2202 sequioris
786 2138 846 2194 siri
864 2145 892 2188 et
907 2139 1067 2190 recentiores
1084 2137 1194 2188 liruditi.
1227 2137 1266 2188 11.

206 2215 331 2267 Groecos'
325 2225 387 2267 rstos
398 2233 448 2266 nou
457 2217 576 2268 habuisse
584 2219 662 2266 stium
673 2219 782 2279 Dictyn,
794 2233 871 2281 quesn
881 2217 951 2266 illum
954 2232 1049 2280 ,quem
1058 2217 1201 2280 Septimius
1210 2230 1267 2266 ter·

172 2329 174 2334 .
206 2294 486 2358 tit,probaturuontrs
497 2296 779 2359 Mereerumaliosqus.
823 2295 877 2343 ill.
894 2294 1162 2346 deemillitredust
1178 2294 1211 2344 ds
1229 2295 1267 2344 in·

175 2405 178 2410 -
206 2380 287 2423 rento
301 2374 408 2438 Diutye,
427 2389 483 2438 qua
498 2374 639 2437 Septimius
652 2374 751 2424 desso.
783 2373 831 2422 1v.
846 2373 1267 2435 Perclsudiumepudeosiutel·

204 2453 252 2516 ligi
270 2453 350 2504 debet
372 2453 455 2517 Nero,
474 2459 503 2504 et
520 2468 591 2517 saepe
610 2453 648 2504 its
663 2452 857 2504 confunduntur
875 2452 970 2502 diversi
982 2451 1266 2506 cumulemur-tum

205 2531 391 2595 Imperatores.
411 2533 445 2581 V.
458 2532 561 2582 Revera
569 2533 637 2582 euim
645 2534 670 2582 iu
680 2533 810 2582 Neronem
818 2532 984 2594 conveniunt,
992 2532 1090 2596 quem
1099 2537 1176 2582 tone
1184 2539 1266 2594 notu,

146 2607 149 2610 ’
205 2611 337 2676 etDietye
346 2619 407 2660 tunc
416 2612 519 2661 iurento
531 2626 561 2660 ac
574 2612 672 2662 Neroni
682 2611 769 2662 oblato
778 2611 926 2662 traduntur.
946 2611 996 2662 VI.
1006 2611 1146 2676 Utriusque
1153 2619 1181 2662 et
1190 2612 1265 2662 ura·

202 2692 266 2742 ciet
275 2691 361 2742 Latini
373 2691 556 2756 Dictyosidern
569 2689 620 2741 fuit
630 2691 730 2753 titulus,
741 2691 810 2756 quod
821 2692 904 2756 liquet
915 2705 949 2740 ex
964 2691 1053 2754 Suids,
1070 2692 1092 2742 si
1112 2692 1168 2756 ejus
1185 2691 1265 2741 rerba

204 2772 489 2835 rectudistiuguantnr.
523 2771 586 2821 Vll.
603 2770 1118 2835 UterqsediuitnriiterisPunicissnsm
1128 2771 1265 2833 scripsisse
1345 2781 1348 2786 '

205 2853 356 2903 Historiam.
389 2851 470 2902 Vlll.
485 2851 618 2903 Jolrsnoee
628 2851 739 2900 Meletos
754 2863 786 2898 ex
798 2849 890 2900 oraro
901 2850 1007 2913 Dictys,
1016 2857 1045 2900 et
1054 2850 1195 2914 Septimius
1205 2865 1265 2902 uos·
1317 2844 1323 2855 “

205 2937 254 2992 ter,
266 2933 293 2980 iu
306 2931 422 2982 Historia
433 2931 501 2980 Belli
516 2929 633 2994 Trojaui,
649 2943 755 2993 prorsus
769 2929 935 2980 conueniunt.
968 2929 1017 2980 IX.
1033 2929 1161 2982 Quaedam
1177 2938 1264 2980 tossen
1313 2994 1316 3002 ,

203 3011 288 3060 veluti
304 3011 472 3062 characteres
490 3009 616 3066 Heroum,
632 3008 699 3072 apud
716 3008 841 3080 lielelsm
858 3015 886 3057 et
896 3009 1155 3074 elios,expousutur,
1167 3025 1224 3074 quse
1236 3009 1263 3058 iu

203 3091 363 3154 Septimiano
381 3091 479 3154 Dictys
495 3103 546 3140 nou
563 3089 737 3153 reperiuntur.
770 3088 806 3140 X.
828 3083 879 3138 Sed
900 3089 1042 3153 Septimius
1061 3088 1169 3138 liberius
1185 3089 1265 3140 vestit

203 3171 311 3235 Dictys,
329 3184 441 3236 eumque
458 3170 649 3235 contraxitque,
658 3175 688 3220 et
697 3169 816 3233 qudem
826 3169 853 3220 iu
869 3183 903 3222 ee
913 3169 1084 3233 pretermisit.
1117 3168 1169 3220 XI.
1184 3167 1265 3218 Puer

204 3252 231 3300 id
246 3252 386 3301 clarissime
402 3266 435 3300 ex
447 3252 503 3300 loco
514 3251 625 3313 Dictyos
636 3249 718 3299 nostri
728 3262 748 3297 1.
759 3253 784 3298 t.
796 3249 841 3313 qni
851 3249 999 3313 explicatur
1009 3263 1044 3298 ex
1053 3248 1159 3298 Melsls.
1197 3246 1266 3300 xit.

204 3331 236 3380 Iu
248 3331 400 3394 quibusdam
418 3339 504 3379 tamen
518 3331 597 3379 etiam
609 3331 635 3378 in
645 3329 776 3378 diversum
789 3327 941 3391 sSeptimio
953 3329 1008 3377 abit
1016 3327 1169 3393 quaudoque
1180 3327 1264 3376 Mule-

203 3411 250 3471 las,
266 3409 340 3472 cujus
352 3407 394 3458 'rei
406 3409 482 3458 sarisa
495 3407 639 3458 redduntur
650 3409 773 3458 rationes.
804 3407 884 3458 xus.
902 3409 1089 3470 argenteolum
1100 3409 1213 3457 Mercuri
1230 3421 1263 3456 ex

204 3489 323 3539 litaturis
333 3487 446 3536 (Ειιοιιοι
456 3488 489 3538 sd
500 3487 672 3550 probandum,
679 3487 776 3550 Dictys
787 3486 909 3536 tiresum
919 3485 1000 3536 fuisse
1010 3485 1089 3536 aliurn
1107 3501 1123 3536 a
1140 3486 1263 3548 Septimi·

203 3584 267 3630 suo,
280 3565 416 3616 refellitur.
442 3567 486 3616 De
497 3567 577 3616 verbo
586 3563 759 3628 Ἀπάγχεσιω
790 3565 865 3616 XIV.
879 3565 1001 3630 Sequitur
1010 3579 1043 3616 ex
1053 3565 1103 3630 iris,
1110 3566 1266 3630 Septimium

130 3633 132 3642 ¹
170 3635 175 3650 ¹
204 3663 266 3698 sere
284 3647 393 3696 vertisse
410 3647 476 3696 hene
492 3645 633 3695 Historiam
651 3661 683 3696 ex
700 3645 804 3708 Graeco,
820 3646 889 3712 quod
908 3647 974 3695 male
987 3653 1097 3710 negatur
1108 3661 1123 3695 a
1134 3645 1264 3698 Vossiset

203 3731 334 3780 Mercero.
368 3727 427 3776 XV.
445 3725 577 3776 Probatur
589 3727 616 3776 id
637 3741 669 3776 ex
685 3725 834 3778 Graecirmis
854 3725 1082 3790 etfrequentibus.
1116 3723 1191 3776 XVI.
1208 3725 1262 3776 Pro

203 3807 356 3859 (lisoiensis
368 3806 502 3856 hauoda
495 3821 522 3854 ιιι
531 3805 711 3868 versionibus,
719 3819 777 3870 qua)
789 3819 822 3856 ex
833 3806 927 3856 Grueo
943 3803 1070 3856 formata
1063 3806 1123 3856 istic
1133 3812 1195 3855 uror
1211 3792 1263 3854 fre·

197 3889 317 3963 quentis,
324 3887 386 3937 lieet
395 3886 464 3950 apud
477 3887 648 3953 siiosquoque
659 3885 917 3949 similistocotie,sed
927 3887 1020 3946 rusios,
1026 3893 1157 3936 occursu.
1173 3885 1264 3934 xvn.

202 3969 308 4018 Maielse
325 3981 383 4016 eum
400 3965 530 4028 Codrum,
541 3975 569 4016 et
581 3967 689 4031 Dictyos
700 3967 853 4032 Septimiaui
865 3967 961 4016 rerba
954 3973 1023 4015 inter
1039 3981 1067 4015 re
1085 3962 1263 4028 conferuntur,

203 4045 375 4098 emendantur
396 4041 489 4109 etiam,
506 4052 534 4096 et
545 4053 678 4097 notantur.
710 4045 814 4096 xvm.
830 4045 890 4096 Alia
901 4060 989 4096 eorum
1002 4045 1081 4095 verba
1091 4045 1263 4108 rernmplane

202 4127 367 4190 singularium
386 4125 476 4175 itidem
497 4140 638 4190 congruere
656 4125 839 4177 ostenduntur.
875 4125 985 4174 Malelas
1006 4124 1085 4173 etism
1105 4123 1261 4186 explicatur.

203 4205 284 4258 xlx.
300 4204 439 4258 Confertur
455 4206 540 4258 denuo
555 4208 633 4271 louge
650 4207 731 4276 series
747 4203 931 4280 Ηίιιοιίιιιιω,
941 4201 1032 4254 eodem
1045 4215 1148 4266 prorsus
1162 4202 1262 4267 ordine,
