3136 4948
189 409 191 416 y
297 327 318 392 8
646 341 836 390 rosuuuus
859 341 1046 390 scnnreun

287 485 384 550 'trina
404 482 504 566 primi
519 482 595 548 libri
611 485 735 548 scimus
759 483 963 548 Neomenias
989 485 1066 548 anni
1082 481 1196 548 Graeei
1213 487 1387 568 popularis

297 585 472 667 pervagari
487 589 634 647 meuseui
648 585 812 665 integrum
834 586 869 648 in
891 583 997 648 forma
1011 585 1033 646 J
1035 581 1157 648 uliana.
1202 585 1389 650 Hecatom-

294 687 404 762 beeon,
420 685 513 748 verbi
528 687 644 766 gratia,
656 684 838 773 aliquando
855 684 1015 750 ineidiliu
1033 701 1071 748 x.
1093 684 1114 748 J
1119 684 1190 760 ulii,
1206 685 1387 768 aliquando

296 787 332 848 in
345 803 395 850 vr.
411 785 568 866 Augusti.
612 785 715 867 Igitur
731 785 826 848 sidus
839 785 932 868 quod
950 805 1091 866 vespere
1105 784 1301 848 Neomenias
1315 786 1389 848 He·

297 886 657 964 catombaeonisoritur,
672 887 705 948 in
720 887 828 968 primo
843 903 930 948 anno
947 885 1071 966 periodi
1080 883 1215 958 Atticae,
1227 903 1291 946 non
1306 887 1389 948 orie·

296 989 351 1046 tur
364 984 398 1048 iu
414 984 532 1048 eadem
550 985 752 1062 Neomenia,
767 985 901 1066 quaudo
925 985 1193 1048 Hecatombeeou
1206 983 1271 1046 erit
1286 985 1321 1046 in
1337 1001 1387 1048 vr.

297 1080 454 1164 Augusti.
498 1084 682 1166 Propterea
696 1084 942 1166 Parapagmata
957 1085 1000 1146 ab
1016 1084 1196 1146 artificibus
1211 1075 1388 1164 proposita

298 1192 402 1261 erant,
425 1204 467 1248 ne
490 1186 611 1265 vulgus
634 1185 669 1247 in
692 1185 808 1248 eadem
825 1182 1011 1248 Neomeuia
1033 1203 1164 1265 semper
1185 1182 1272 1246 idem
1294 1184 1388 1247 sidus

298 1269 452 1347 oriri‘aut
466 1285 618 1348 occidere
633 1288 780 1370 putaret.
825 1283 928 1362 Quod
943 1291 1054 1348 tamen
1069 1286 1186 1365 vulgus
1197 1283 1389 1365 negligebat

298 1383 385 1448 adeo
411 1389 449 1447 ut
463 1385 601 1466 quidem
625 1385 695 1448 dux
717 1385 808 1467 apud
835 1386 1027 1468 Polybium,
1042 1383 1177 1450 eumad
1193 1391 1311 1458 ortum,
1332 1390 1389 1448 aut

299 1505 459 1550 occasum
474 1486 650 1550 Pleiadum
665 1485 747 1570 (non
762 1488 895 1551 memini
918 1485 1025 1550 utruin
1045 1487 1156 1562 fuerit)
1171 1485 1389 1560 condixisset,

298 1605 366 1653 uon
380 1587 470 1650 venit
484 1586 529 1650 ed
543 1587 769 1652 constitutum.
799 1587 919 1652 Falsus
933 1589 1084 1652 nimirum
1098 1585 1284 1650 desultoria
1299 1603 1389 1649 men·

297 1686 383 1748 sium
399 1687 483 1766 situ3
506 1706 604 1768 quem
615 1705 681 1750 nou
692 1687 977 1752 consideraverat..
1012 1688 1101 1750 Duae
1117 1686 1214 1768 igitur
1229 1686 1270 1748 de
1286 1691 1389 1765 capte

188 1803 192 1812 ’
297 1786 365 1852 Ilio
380 1787 575 1867 generaliter
586 1795 662 1852 suut
677 1789 858 1852 sententiae.
903 1787 1048 1865 Quidam
1063 1788 1150 1850 enim
1166 1787 1279 1849 multis
1292 1784 1389 1848 annis

298 1905 401 1968 supra
422 1887 680 1970 quadringentos
707 1894 782 1952 aute
810 1889 953 1970 primam
983 1887 1217 1972 Olympiadem
1235 1891 1390 1968 'ponunt

298 1983 371 2053 Alii
396 1992 518 2068 preater
543 1987 812 2070 quadringentae,
829 1995 918 2064 ceto,
939 1996 1077 2070 septem,
1092 2009 1164 2066 sex,
1184 1993 1217 2050 et
1239 1987 1388 2068 quinque

298 2091 424 2160 mutum
440 2095 574 2170 ponunt.
608 2089 880 2155 Horumtautum
890 2089 1148 2156 uubisbabenda
1159 2087 1256 2164 ratio,
1270 2087 1389 2169 etqui·

204 2231 209 2239 ·
298 2185 375 2264 dem
392 2189 476 2252 iuter
490 2207 549 2252 eos
562 2209 688 2268 eornm,
699 2191 756 2273 qui
771 2189 885 2254 Attica
901 2193 1127 2274 scripserunt:
1150 2208 1293 2272 querum
1305 2205 1390 2250 unus

297 2307 482 2362 consensus
497 2297 550 2354 est
564 2290 598 2353 in
613 2309 724 2354 meuse
734 2297 771 2354 et
785 2291 840 2354 die
852 2291 983 2354 mensis.
1030 2291 1155 2355 Omnes
1170 2291 1257 2353 enim
1275 2295 1391 2372 Θαργη·

297 2386 481 2472 λιῶνοςόγδόῃ
498 2386 635 2461 φθίνοντος
653 2389 720 2464 1Ιιοο
735 2393 911 2471 contigisse
920 2393 1048 2454 dicunt.
1092 2392 1132 2454 Iu
1153 2389 1249 2453 annis
1263 2389 1389 2452 Tetrae-

297 2488 418 2560 teridis
433 2489 579 2558 variant,
614 2489 742 2571 Vulgus
766 2491 853 2563 solet
866 2491 1017 2554 dividere
1030 2507 1176 2551 mensem
1191 2489 1338 2552 lunarem
1354 2489 1390 2552 in

298 2587 516 2664 novilunium,
530 2591 706 2672 septimam
727 2592 852 2665 lunam,
868 2589 1095 2672 plenilunium,
1117 2594 1154 2650 et
1177 2589 1353 2669 septimam
1369 2609 1391 2652 a

298 2688 381 2752 fine:
394 2707 479 2772 quas
491 2688 673 2754 divisiones
683 2691 885 2772 quadrantes
900 2689 991 2754 lunae
1008 2696 1149 2753 vocant:
1164 2689 1260 2752 aliter
1268 2696 1391 2752 vocant

299 2788 452 2870 primam,
490 2791 679 2873 septimam,
702 2789 1023 2872 quintamdecimam,
1049 2790 1243 2854 vicesimam
1272 2807 1390 2866 secuu-

244 2886 245 2890 ’
300 2887 388 2952 dam.
433 2887 547 2954 Gtaeci
570 2888 737 2974 φεγγᾶρννν,
757 2885 910 2975 διχόμηννν,
942 2889 1119 2966 πανσέληνον,
1144 2888 1286 2974 διχόμηννν
1309 2888 1391 2952 dori·

299 3009 363 3071 par.
407 2987 475 3054 11ae
490 2995 631 3072 quatuor
651 2991 779 3054 lunaris
798 2993 919 3056 mensis
941 2992 1127 3056 divisiones
1149 2992 1280 3056 suntin
1302 2991 1389 3054 viee»

301 3087 387 3152 sima
401 3089 514 3166 tertia,
528 3091 601 3154 sive
617 3087 701 3174 ὀγδόῃ
715 3089 848 3172 φθίνοντος
864 3078 1070 3176 eommunia
1183 3106 1189 3118 ’

304 3230 307 3238 ·
345 3189 459 3252 Primo
484 3189 613 3281 quippe
625 3209 714 3254 anne
729 3192 976 3270 Tetraeteridos,
998 3193 1271 3257 vicesimotertio
1285 3191 1389 3254 Thar-

301 3288 450 3369 gelionos
474 3294 526 3358 est
546 3290 656 3371 prima
677 3291 768 3368 luna,
793 3293 828 3355 in
852 3293 999 3358 secundo
1014 3313 1100 3358 auno
1120 3301 1174 3362 est
1188 3293 1341 3383 septime,
1355 3293 1390 3354 in

300 3389 399 3464 tertio
423 3394 475 3454 est
500 3390 733 3472 plenilunium,
758 3393 791 3456 in
814 3401 936 3476 quarto
958 3401 1010 3460 est
1040 3395 1204 3458 vicesima
1232 3393 1388 3457 secundas

303 3488 433 3562 Rursus
459 3490 494 3552 in
516 3491 678 3558 vicesima
704 3480 801 3560 tertia
821 3495 1060 3578 Tbargelionos
1084 3496 1162 3560 anni
1186 3493 1296 3576 primi,
1310 3495 1390 3558 luna

303 3588 429 3654 occidit
448 3589 562 3652 statim
584 3611 735 3678 vespere.
778 3597 819 3678 ln
843 3617 928 3662 anno
953 3596 1114 3671 seeundo,
1130 3593 1256 3658 occidit
1281 3595 1390 3658 media

303 3694 411 3752 nocte.
449 3689 490 3757 In
504 3708 589 3754 anno
604 3695 715 3770 tertie,
730 3701 904 3778 perlatam
918 3706 1053 3763 nectem
1068 3699 1169 3762 lucet.
1201 3693 1240 3756 In
1256 3701 1388 3775 quarto,

303 3786 408 3862 oritur
423 3809 446 3852 a
465 3789 577 3856 media
590 3798 701 3856 nocte·
746 3795 817 3872 Qui
839 3799 1136 3878 intercessionis
1156 3803 1232 3859 ante
1248 3797 1390 3876 primam

303 3886 536 3973 Olympiadem
555 3896 691 3974 captum
714 3893 803 3961 Ilion
826 3899 952 3976 volunt,
979 3899 1166 3964 necessario
1182 3914 1270 3959 anno
1293 3895 1390 3959 tertio

301 3989 542 4056 Teuaeteridos
563 3992 627 4056 boc
644 3996 827 4077 contigisse
843 3999 968 4064 volunt.
1014 4001 1102 4065 Nam
1121 3999 1194 4061 408.
1212 3996 1290 4058 anni
1305 4001 1391 4060 retro

303 4091 408 4171 putati
434 4091 588 4159 desinunt
601 4094 636 4158 in
652 4097 706 4162 49.
725 4117 847 4187 aunum
863 4102 993 4184 periodi
1009 4100 1207 4185 Olympicus,
1223 4095 1390 4178 siquidem
