3136 4948
355 950 358 960 '
450 936 546 1025 AD
597 941 988 1052 LECTOREM.

172 1387 390 1483 Posronnu
409 1407 449 1472 L.
463 1407 610 1486 Florum,
625 1411 658 1474 in
684 1431 780 1474 usum
801 1410 1049 1477 Sunnnrssrrrr
1066 1411 1265 1476 Denrnrrtr

172 1506 274 1583 edidi,
290 1508 422 1584 Lector,
439 1509 576 1592 Dietym
594 1509 785 1574 Cretensem
801 1511 843 1574 de
858 1511 949 1576 bello
964 1511 1112 1596 Trojano
1128 1510 1262 1594 aggredi

167 1607 268 1689 jessa
279 1627 363 1672 snm.
408 1609 537 1674 Notum
553 1616 606 1675 est
619 1631 696 1674 eum
710 1613 810 1693 vulgo
822 1615 1075 1696 supposititiam
1087 1613 1189 1690 credi,
1202 1612 1262 1676 sed

171 1721 224 1770 res
239 1708 366 1773 credita
390 1716 517 1776 tantum
539 1720 574 1775 et
598 1732 618 1777 a
637 1713 768 1777 nemine
783 1713 891 1777 adhuc
906 1715 1057 1797 probata.
1101 1712 1213 1791 Quare
1226 1711 1266 1776 irl-

172 1808 207 1871 in
221 1811 338 1890 primis
352 1812 433 1875 milri
447 1813 655 1895 probandum
663 1815 792 1896 putavi,
808 1815 899 1877 etiis
913 1815 1124 1896 argumentis,
1138 1814 1266 1896 quibus

172 1905 259 1974 tides
288 1911 438 1994 derogari
462 1931 528 1976 non
554 1923 679 1996 posset,
701 1915 957 1998 pervincendum
977 1916 1099 1980 falsum
1124 1915 1262 1998 Dictyru

172 2027 247 2076 esse
270 2011 366 2076 lruuc.
420 2010 520 2094 Coepi
545 2016 662 2096 itaque
686 2023 843 2079 accurate
865 2033 933 2079 rem
960 2013 1128 2098 persequi,
1150 2029 1263 2097 eaque

172 2113 283 2176 omnia
298 2113 467 2194 colligere,
483 2130 561 2195 quoe
581 2115 652 2197 jam
668 2117 749 2180 clim
770 2118 855 2178 bene
869 2115 974 2178 multa
988 2113 1044 2178 hic
1059 2114 1262 2178 animadver-

172 2217 275 2276 teram
290 2235 310 2277 c
325 2215 507 2288 veteribus,
523 2215 577 2276 vel
592 2216 767 2278 immutata
789 2215 843 2276 vel
861 2213 1071 2289 adumbrata,
1086 2219 1187 2294 atque
1202 2214 1262 2289 ita,

173 2311 265 2391 qnod
289 2312 398 2391 prima
425 2311 533 2374 fronte
561 2310 641 2375 milri
677 2331 743 2375 non
769 2313 903 2393 exiguae
933 2313 1033 2375 molis
1066 2331 1142 2375 esse
1171 2312 1263 2376 ride·

172 2410 278 2486 batur,
295 2410 406 2474 fontes
432 2410 498 2472 iere
528 2427 658 2488 omnes,
680 2411 769 2474 nude
790 2429 852 2474 sna
872 2411 987 2474 hausit
1011 2411 1061 2475 sic
1087 2417 1210 2490 noster,
1225 2419 1263 2475 ut

173 2509 342 2573 historiam
359 2529 455 2573 snam
471 2511 695 2588 concinnaret,
712 2513 841 2594 apemi·
898 2511 1020 2576 Habes
1042 2512 1154 2593 igitur,
1179 2512 1263 2576 Lec-

173 2603 234 2685 tor,
250 2610 514 2694 Pseudodietym
538 2613 745 2690 historicum,
761 2613 820 2676 sed
837 2613 949 2676 utilem
965 2619 1076 2697 temen
1099 2619 1133 2678 et
1152 2614 1263 2678 erudi·

173 2717 264 2774 tum..
301 2711 338 2775 Is
369 2731 450 2776 sane
476 2721 604 2776 veteres
626 2733 742 2778 omnes
765 2715 947 2794 scriptores
970 2713 1012 2776 de
1045 2713 1264 2796 expeditione

175 2811 382 2886 Graecorum,
398 2813 507 2894 deque
537 2833 647 2877 eurum
675 2815 793 2890 reditu,
821 2815 994 2895 diligenter
1021 2813 1196 2896 pervolvit,
1218 2833 1263 2878 ex

175 2919 291 2978 'corum
306 2913 573 2995 discrepantibus
595 2916 756 2980 interdum
777 2916 948 2978 sententiis
963 2933 1023 2978 eas
1046 2915 1175 2997 saepius
1195 2914 1263 2978 ele·

175 3015 233 3095 git,
248 3031 323 3096 quae
339 3031 360 3076 a
382 3013 533 3094 pluribus
547 3018 582 3077 et
595 3035 616 3078 a
630 3017 836 3097 gravioribus
850 3015 1035 3079 traduntur.
1070 3015 1115 3078 ·ls
1128 3013 1264 3098 po’etica

176 3116 287 3178 omnia
300 3115 453 3196 figmenta
467 3117 621 3189 resecuit,
637 3116 688 3180 vel
703 3135 745 3179 ee
756 3117 798 3179 ad
810 3115 959 3179 historiae
971 3114 1070 3178 iidem
1081 3115 1130 3177 sic
1147 3115 1263 3178 immus

175 3217 270 3290 tavit,
293 3222 330 3278 ut
343 3215 425 3282 nihil
440 3223 557 3280 contre
571 3216 896 3280 verisimilitudinem
908 3224 1034 3297 peccet.
1080 3215 1263 3279 Homemm

175 3317 347 3398 praecipue
361 3318 523 3398 sequitur,
538 3335 558 3380 a
572 3337 638 3400 qno
655 3327 767 3382 tamen
782 3318 913 3398 saepius
923 3316 1088 3392 dissentit,
1103 3325 1142 3379 ut
1156 3315 1211 3379 rel
1223 3315 1264 3378 de

175 3423 324 3494 tempure
336 3417 413 3496 ipso
428 3415 663 3497 expeditionis.
709 3418 877 3480 Homerus
900 3419 1035 3498 qnippe,
1050 3423 1083 3479 et
1096 3422 1174 3497 post
1187 3434 1263 3478 eum

175 3515 234 3577 alii
250 3516 333 3577 bene
353 3516 460 3591 multi,
480 3523 570 3579 totos
592 3518 709 3597 viginti
733 3535 836 3580 anuos
860 3517 937 3579 huic
959 3517 1121 3580 iusnmtcs
1137 3515 1263 3593 dicunt,

176 3631 298 3698 nempe
321 3616 515 3681 decennium
538 3619 699 3681 exercitui
724 3617 924 3700 colligendo,
936 3623 971 3679 et
985 3617 1128 3680 alterum
1140 3616 1262 3682 decen·

176 3716 268 3780 uiam
282 3715 324 3780 ad
339 3715 479 3798 'frojam
501 3717 668 3793 bellando,
684 3721 733 3781 ita
747 3721 832 3780 enim
847 3717 937 3800 opud
953 3733 1030 3780 eum
1048 3717 1195 3782 Helena.

263 3855 265 3860 ,
340 3815 419 3892 *Her
434 3821 493 3902 γὰρ
509 3823 553 3880 νῦν
566 3845 614 3898 μοι
623 3818 685 3882 τῶι
699 3822 822 3893 εἰκοστὸς
837 3816 895 3893 ἔτος
907 3819 993 3897 icrlr,

348 3917 403 3993 Ἐξ
414 3915 444 3980 οὗ
454 3918 538 3981 κεῖθεν
552 3918 626 3998 ἔβην,
642 3921 696 3982 ual'
705 3922 772 4002 ἐμῆς
786 3918 948 3997 &selinada
963 3917 1080 4003 πάτρης.

347 4033 371 4098 J
373 4053 425 4098 arn
437 4038 524 4100 euim
537 4057 624 4102 nunc
639 4039 719 4103 mihi
727 4039 910 4119 vigesimus
926 4055 1032 4099 annus
1047 4042 1111 4110 est,

347 4133 401 4197 Ex
414 4156 482 4218 quo
497 4139 560 4203 hnc
576 4141 651 4203 veui
667 4147 700 4204 et
715 4159 735 4204 a
749 4159 823 4203 mea
836 4137 979 4203 discessi
994 4137 1112 4219 patria.
