3136 4948
421 407 470 458 nn
493 391 672 462 nrs‘ronrs
700 413 808 462 sunm
831 387 1009 466 'rnornun
1218 405 1262 472 35

162 541 205 631 rog
217 554 368 635 βασιλεὺς,
384 543 417 633 ἔξ
426 553 487 619 alt
504 561 604 641 Τρῶας,
619 555 668 620 καὶ
682 560 708 620 oi
727 531 884 622 “red‘'lti'ou
910 561 1050 640 βασιλεῖς.
1095 560 1260 630 Videmus

162 651 198 721 in
220 657 274 721 his
296 655 431 721 easdem
453 675 516 734 res,
530 665 567 722 et
588 658 727 724 eandem
750 669 857 724 rerum
881 664 1141 744 eademeadem
1157 661 1261 734 ferme

162 761 255 823 hona
268 763 311 824 et.
322 759 410 822 mala
422 779 431 838 3
444 758 546 842 'jungi
570 761 693 826 Danao
710 760 909 842 Agenorem,
925 765 983 846 qui
1004 765 1096 828 illius
1113 776 1187 832 erat
1202 783 1262 854 pa*

163 863 267 936 trous,
295 877 371 942 quae
389 861 582 944 conjunctio
603 861 722 926 saltem
745 864 846 927 verbo
868 863 995 947 exponi
1017 863 1203 948 debuisset,
1227 861 1264 936 ul

164 966 346 1038 constaret,
361 980 428 1044 qua
449 962 580 1026 ratione
601 982 661 1046 per
682 965 762 1028 illos
784 964 817 1026 in
841 963 928 1028 idem
953 987 1055 1048 genus
1078 975 1111 1034 et
1126 967 1266 1036 eandem

164 1063 325 1155 originem
353 1064 564 1128 convenirent
593 1063 751 1129 Priamus
778 1071 812 1129 et
838 1065 985 1146 Helena,
1005 1071 1209 1154 sicutijam,
1233 1081 1264 1138 et

163 1171 268 1242 recte,
285 1165 411 1228 monuit
426 1161 610 1242 Mercerus,
626 1173 661 1230 et
683 1165 767 1230 fecit
781 1165 962 1248 Cedrenus,
978 1169 1038 1234 sed
1060 1171 1150 1237 haud
1166 1173 1264 1238 dubie

164 1261 208 1327 de
230 1283 305 1342 suo,
329 1265 406 1329 e'um
429 1263 614 1348 Agenorem
637 1265 721 1332 dicit
746 1267 857 1333 Danai
884 1267 1089 1354 πατρᾶδελφον.
1134 1273 1264 1340 Deinde

163 1363 293 1431 videtur
300 1368 336 1430 in
350 1373 466 1432 nostro
476 1367 598 1452 Dictye
612 1369 798 1450 legendum,
810 1390 876 1434 non
888 1367 1106 1450 Hesiona,nec
1117 1371 1265 1455 Pleione,

166 1467 226 1533 s'ed
245 1464 502 1546 Plesiouo,unde
518 1469 617 1534 facile
632 1469 766 1534 formari
781 1473 894 1556 potuit
908 1473 989 1536 illud
1007 1467 1159 1556 Hesiona,
1175 1477 1266 1560 quod

165 1568 343 1654 praeferunt
368 1570 451 1635 usu
473 1571 628 1656 Dictyos,
645 1591 711 1636 non
734 1573 799 1650 hic,
815 1575 873 1638 ubi
895 1575 1082 1641 mutilatum
1105 1579 1267 1643 exhibent

164 1674 229 1737 hoo
245 1691 371 1738 nomen
389 1674 497 1756 prima
512 1673 659 1757 syllaba,
677 1675 858 1758 legantque
882 1682 1024 1756 tantum,
1060 1675 1152 1758 Iona,
1182 1678 1265 1746 Ono,

62 1847 64 1853 y
169 1770 263 1852 Scau,
290 1775 435 1840 testibus
460 1773 612 1840 Meroero
634 1781 668 1840 et
682 1775 863 1856 Ohrechto,
879 1777 937 1840 sed
954 1793 1004 1841 tv.
1018 1779 1073 1845 22.
1117 1781 1165 1845 At
1186 1783 1267 1846 anti-

167 1879 332 1962 quissima
355 1877 495 1942 Mediol.
520 1878 622 1942 editio
646 1877 857 1944 hauddubie
882 1880 955 1944 suis
975 1881 1077 1946 etiam
1096 1903 1140 1947 ex
1156 1881 1264 1949 Codd.

166 1981 399 2047 ‘Plesionem'
421 1983 476 2046 hic
491 1983 581 2065 legit,
599 1982 699 2065 plane
714 1984 764 2047 uti
786 2002 851 2046 non
868 1983 1015 2049 Malelas
1029 1986 1142 2064 modo,
1157 1985 1216 2050 sed
1233 1993 1267 2053 et

168 2081 353 2162 Cedrenus,
370 2086 427 2169 qui
442 2104 624 2149 consensus
646 2105 711 2148 non
726 2084 857 2148 videtur
881 2091 1005 2152 temere
1028 2087 1267 2170 repudiandus,

166 2189 322 2270 quamvis
338 2187 506 2268 ceteroqui
521 2205 628 2268 neque
646 2177 659 2224 '‘
670 2177 840 2258 Pleionaf
855 2207 963 2268 neque
987 2186 1189 2264 ‘Plesiona,'
1209 2207 1268 2252 ne-

166 2307 233 2371 que
246 2292 255 2321 ‘
270 2286 546 2368 Hesiona'inter
562 2283 674 2350 Danai
686 2285 773 2348 filias
785 2292 983 2350 memoretur
995 2288 1038 2350 ab
1053 2287 1107 2366 iis,
1123 2287 1268 2370 quiillas

167 2407 213 2454 ex
228 2387 378 2474 professo
403 2391 608 2465 enumerant,
623 2385 831 2469 Apollodoro
847 2385 883 2450 et
907 2385 1067 2470 Hygino:
1091 2393 1209 2454 contra
1223 2392 1267 2454 ab

165 2491 322 2555 omnibus
350 2488 496 2574 Atlantis
523 2507 610 2552 uxor
633 2487 773 2565 dicatur,
798 2507 866 2550 non
891 2487 1013 2564 Danai,
1038 2486 1100 2552 sed
1137 2487 1268 2555 Oceani
1299 2559 1303 2564 ,

168 2591 271 2672 Filia,
294 2593 366 2656 sive
390 2589 577 2666 ‘Pleione’
600 2591 674 2656 sire
700 2588 858 2668 ‘AEthra,'
876 2589 1019 2655 nomine.
1065 2589 1105 2653 In
1121 2609 1190 2654 uno
1207 2611 1267 2656 au·
1389 2631 1392 2634 -

168 2699 234 2758 tem
263 2713 412 2760 seorsum
444 2693 516 2756 abit
537 2711 559 2755 a
579 2691 742 2774 Septimio
773 2689 929 2769 Malelas,
952 2691 1014 2755 sed
1042 2691 1137 2756 haud
1167 2689 1268 2758 dubie

168 2797 252 2860 vitio
278 2797 444 2859 memoriae
470 2791 524 2856 vel
547 2790 766 2874 negligentiae,
783 2791 871 2874 quod
888 2789 1060 2856 Atlantem
1086 2793 1174 2859 hunc
1191 2795 1268 2860 Ple·

170 2893 282 2963 siones
296 2897 380 2962 facit
395 2896 499 2960 filium
521 2900 556 2959 et
571 2894 715 2958 Electrae
727 2893 873 2972 fratrem,
885 2910 961 2959 cum
986 2914 1029 2958 ex
1052 2896 1127 2979 ipso
1143 2895 1267 2980 Dictye

169 3007 287 3065 nostro
302 2997 391 3062 haud
416 2999 537 3074 minus,
551 3013 652 3079 quam
672 3013 717 3058 ex
737 2995 891 3058 omnihus
915 2993 992 3058 aliis
1006 3001 1150 3075 constet,
1171 2999 1268 3061 mari-

170 3095 359 3166 tum'fnisse
372 3089 536 3164 ¹Pleiones
551 3099 622 3161 sire
638 3095 822 3168 Plesiones,
838 3095 986 3161 Electrae
1003 3105 1114 3162 antem
1129 3106 1268 3180 patrem.

172 3201 323 3287 Denique
340 3201 489 3266 videmus
512 3197 767 3284 praetermisisse
788 3218 847 3263 eos
869 3199 990 3282 pariter
1007 3197 1268 3277 Erichthonium,

171 3305 231 3388 qui
260 3302 507 3370 interserendus
537 3301 610 3365 er'at
638 3301 724 3364 inter
753 3297 949 3363 Dardanum
980 3303 1015 3363 et
1043 3299 1146 3376 Troa,
1171 3299 1269 3384 hujus

171 3407 297 3489 quippe
311 3409 415 3486 pater,
430 3403 521 3466 illins
537 3401 636 3467 filine.
683 3391 805 3482 Neque
821 3399 933 3465 omisit
953 3421 1029 3464 eum
1044 3401 1172 3466 Noster
1186 3401 1271 3465 infra
1361 3405 1388 3473 ,“

171 3505 369 3575 1v.22.ubi
389 3504 520 3584 plenius
544 3502 707 3566 familiam
722 3507 759 3566 et*
776 3503 931 3582 posteros
957 3501 1108 3566 Dardani
1124 3504 1270 3586 exponit

173 3607 286 3690 Culpa
301 3605 375 3690 ejus
399 3606 446 3668 rei
463 3603 517 3668 hio
532 3603 601 3668 loci
616 3601 723 3666 haeret¹
735 3601 825 3666 haud
847 3599 1000 3667 dublein
1023 3603 1083 3667 illo
1104 3604 1192 3688 ipso,
1208 3606 1267 3689 qui

173 3717 328 3792 tempore
346 3704 492 3772 Neronis
519 3691 678 3770 Graecum
705 3705 803 3770 nohis
829 3704 956 3788 Diotyn
979 3707 1176 3790 composuit,
1199 3726 1269 3790 quo

173 3813 302 3894 pariter
321 3811 373 3874 usi
398 3805 544 3873 Malelas
568 3817 600 3872 et
622 3805 817 3890 Septimius,
834 3813 871 3872 nt
892 3825 936 3870 ex
957 3807 1060 3885 hisce,
1075 3807 1140 3872 nisi
1161 3803 1269 3884 fallor,

176 3911 308 3976 abunde
319 3918 424 3996 patet,
438 3913 471 3978 in
486 3911 628 3975 eundem
644 3910 700 3974 hic
716 3911 904 3974 inciderunt
916 3925 1067 3973 errorem.

219 4027 332 4076 xvru.
357 4012 513 4096 Sequitur
527 4029 606 4075 mox
623 4011 713 4095 apud
737 4009 918 4075 Nostrum:
943 4007 1127 4090 ‘Agenoris
1143 4009 1269 4092 quippo

175 4113 279 4178 filium
306 4113 507 4178 Phoenicem·
524 4119 557 4178 et
580 4114 699 4196 Dymae
726 4112 829 4196 patris
845 4111 1013 4186 Hecubae,
1025 4118 1059 4176 et
1074 4111 1174 4175 Ledae
1191 4126 1271 4174 con-

173 4215 411 4296 sanguinitatis
422 4201 581 4300 originem
597 4212 797 4280 dimisis'se.'·
809 4212 897 4291 Quae
914 4214 962 4276 ita
978 4205 1122 4276 Mulelas
1134 4224 1272 4296 expres·
1362 4233 1367 4238 ·
