3136 4948
286 369 329 436 48
549 384 629 436 ιιιι.
655 383 847 434 rrarzourr
874 381 1123 434 nrssnnrrrro

288 537 322 595 et
343 531 483 612 copiose
507 528 782 593 confutavimus
772 549 806 590 ru
801 527 1063 622 superioribus.
1108 527 1161 590 De
1184 527 1245 591 illo
1272 534 1412 608 antem¹

288 627 413 695 Proloo
394 652 446 713 g,o
464 651 565 746 quem
580 630 710 694 solum'
701 649 736 692 ιιι
760 615 831 692 suis
847 629 896 692 ait
918 630 1054 724 reperirr
1044 627 1172 694 Mstis
1188 627 1389 705 (lodicibus,

286 732 430 796 lubens
421 731 538 796 iverim
553 733 587 793 in
602 717 802 792 sententiam
818 729 1018 826 amplissimi
1028 727 1201 806 Obrechti,
1218 749 1277 812 qur
1268 730 1390 793 illum

289 833 409 897 Graece
423 833 574 914 primitus
591 831 765 912 scriptum,
781 836 817 892 et
834 827 958 893 Graeco
974 819 1090 911 Dictyi
1108 829 1319 913 praemissum
1335 829 1391 893 fu·

288 935 362 998 isse
376 934 564 998 arbitratur.
609 932 664 996 lta
677 927 755 996 v'ero
771 925 805 996 et
823 931 879 995 ille
899 951 943 994 ex
958 931 1082 998 Graeco
1098 921 1214 994 debuit
1236 951 1392 994 sermone

288 1037 322 1099 in
334 1035 488 1100 Latinum
499 1054 574 1104 esse
586 1034 779 1110 translatus
787 1053 857 1096 non
869 1040 1018 1100 tamena
1034 1033 1212 1116 Septimio,
1225 1034 1351 1117 quippe
1369 1052 1392 1096 a

288 1131 355 1221 qu'o'
370 1137 404 1200 in
419 1134 646 1218 quibusdam
636 1153 672 1197 ιιι
687 1127 820 1199 diversa
834 1135 917 1212 abit,
932 1141 965 1199 et
982 1133 1219 1217 cujusidcirco
1235 1141 1390 1218 tempore

282 1225 437 1303 ¹nondum
446 1237 600 1299 extitisse
616 1234 761 1313 videtur,
776 1241 867 1298 certe
881 1225 948 1298 ιιοιι
970 1237 1003 1299 in
1018 1237 1174 1301 omnibns
1189 1237 1392 1332 exemplari-

288 1341 365 1415 bus,
380 1335 491 1419 neque
507 1336 617 1400 adeo
607 1355 641 1398 ιιι
656 1336 699 1398 iis
702 1331 805 1419 ,quae
821 1336 856 1399 in
871 1336 1026 1420 Septimii
1040 1357 1158 1403 manns
1173 1325 1390 1404 devenerunt.

290 1437 400 1504 Patet
408 1437 486 1501 inde
512 1455 613 1519 quam
634 1437 722 1502 male
744 1437 845 1519 igitur
866 1457 943 1501 eum
967 1436 1037 1503 Leo
1051 1437 1201 1504 Allatius
1219 1460 1281 1523 pro
1297 1441 1393 1504 illius

289 1559 426 1624 qnoque
442 1538 570 1622 prologi
585 1543 723 1602 auctore
737 1533 879 1614 habeat,
901 1543 936 1602 et
960 1539 1038 1603 ideo
1053 1539 1144 1603 sibi
1134 1549 1269 1605 incaute
1291 1543 1391 1606 nimis

290 1642 470 1718 adversari,
486 1642 521 1704 in
545 1640 690 1722 Prologo
706 1640 781 1704 scil.
795 1645 828 1704 et
850 1639 1019 1722 Epistola,
1031 1647 1136 1724 putet,
1152 1643 1193 1706 de
1217 1641 1294 1706 Pat.
1312 1643 1388 1706 Ho-

288 1741 373 1809 meri
387 1742 444 1807 59.
473 1742 547 1825 Ego
560 1760 636 1806 vero
652 1734 835 1824 Prologum
850 1741 939 1806 hunc
948 1744 992 1806 ab
1003 1744 1118 1826 ignoto
1132 1745 1230 1808 nobis
1244 1745 1391 1822 homine,

290 1853 326 1910 et
350 1847 477 1908 incerto
504 1847 651 1926 tempore
680 1850 717 1906 ut
737 1843 914 1906 formatum
937 1845 1055 1926 primo,
1077 1845 1127 1910 ita
1148 1846 1224 1910 dein
1254 1849 1297 1912 ab
1319 1849 1391 1912 alio

188 1941 191 1946 ’
290 1948 391 2012 etiam
408 1965 540 2032 versum
555 1945 677 2009 Latine
699 1945 907 2022 crediderim,
927 1947 1007 2028 quia
1031 1946 1128 2028 plura
1149 1948 1194 2011 ad
1216 1940 1391 2014 historiam

290 2048 419 2115 inuenti
435 2045 555 2130 Operis
568 2047 770 2129 pertinentia
784 2045 989 2125 continebat,
1002 2068 1103 2131 quam
1127 2049 1282 2133 Septimii
1299 2052 1392 2116 illius

290 2149 455 2234 Epistola.
501 2147 589 2226 Quae
608 2155 644 2212 et
666 2167 773 2212 causa
796 2151 910 2212 forsan
924 2149 998 2227 fuit,
1014 2167 1117 2233 quare
1140 2151 1175 2213 in
1188 2153 1392 2236 quibusdam

223 2333 225 2339 A
290 2251 389 2317 codd.
406 2249 700 2333 nonreperiatur,'
691 2270 724 2313 ιιι
734 2249 809 2314 aliis
824 2270 905 2316 vero
921 2251 1037 2335 ejectae
1053 2247 1209 2338 Septimii
1224 2249 1392 2424 Epistolaa

291 2353 344 2420 sit
356 2352 570 2417 substitutus.
677 2383 682 2394 ·

334 2470 452 2518 xxm.
476 2452 631 2516 Ceterum
655 2452 825 2536 Interpres
848 2455 917 2533 ille,
933 2457 1086 2540 quisquis
1107 2458 1183 2535 fuit,
1201 2478 1392 2524 accommo-

291 2556 390 2620 dasse
405 2561 515 2618 tamen
537 2573 614 2616 eum
633 2554 762 2619 videtur
778 2557 822 2618 ad
838 2556 992 2620 Latinam
1006 2559 1090 2623 hanc
1108 2561 1248 2644 Dictyos
1263 2563 1394 2626 versio-

291 2677 380 2732 nem,
395 2653 559 2737 siquidem
582 2657 789 2718 auctorem
779 2659 948 2739 rpsnmirr
973 2667 1186 2726 sextantum
1208 2664 1393 2741 volumina,

292 2762 375 2842 quot
396 2761 472 2820 sunt
486 2755 592 2839 'hujus
614 2757 789 2834 versionis,
818 2756 992 2824 historiam
1016 2762 1201 2844 digessisse
1230 2767 1289 2843 ait,
1314 2785 1394 2830 cunr

293 2859 435 2924 Graecus
461 2858 584 2943 Dictys
601 2857 696 2922 illius
720 2859 873 2925 Praxeos
888 2857 923 2925 in
947 2881 1069 2928 novem
1090 2864 1189 2928 fuerit
1203 2867 1255 2948 vel
1271 2867 1392 2931 decem

291 2961 463 3026 volumina
476 2959 619 3038 divisus,
633 2965 727 3024 atax
743 2961 897 3046 Septimii
915 2964 1069 3049 Epistola
1084 2973 1118 3031 et
1131 2967 1237 3032 Suida
1248 2975 1393 3034 constat.

292 3061 411 3127 Sedet
428 3061 550 3125 erravit
573 3068 693 3126 auctor
706 3061 962 3148 'illius'Prologi
984 3067 1018 3130 in
1039 3089 1092 3145 eo,
1110 3069 1203 3150 quod
1228 3072 1275 3134 ait
1300 3070 1395 3154 ‘jus-

293 3162 382 3227 sisse
394 3158 634 3226 '‘Neronem
645 3164 680 3226 in
704 3161 862 3230 Graecum
895 3186 1081 3232 sermonem
1110 3170 1175 3233 ista
1198 3171 1394 3249 transferri?

293 3265 390 3347 quasi
411 3264 479 3328 alio
504 3264 650 3329 fuissent
683 3285 834 3332 sermone
860 3269 1066 3353 conscripta.
1112 3271 1255 3336 Rectius
1279 3267 1393 3357 Septi-

291 3366 380 3431 mius
407 3364 622 3432 ‘Orationem
651 3368 755 3433 fuisse
780 3369 956 3434 Graecam'
979 3371 1129 3449 affirmat,
1153 3374 1299 3438 ‘literis’
1320 3382 1393 3440 tarr·

291 3475 360 3534 tum
385 3467 548 3533 ‘Punicis
562 3469 808 3554 conscriptam,'
824 3461 947 3554 quod
937 3491 1049 3554 rpsum
1071 3476 1211 3558 utique
1201 3495 1276 3559 rpse
1290 3477 1393 3540 etiarn

292 3577 412 3633 auctor
433 3569 544 3652 operis
566 3573 770 3653 praesefert
798 3573 857 3638 lib.
874 3591 908 3638 v,
926 3594 1003 3658 cap.
1020 3575 1072 3642 17.
1119 3575 1174 3642 An
1189 3597 1267 3662 ergo
1282 3578 1394 3642 voluit
1409 3569 1413 3576 ⁸

293 3669 471 3748 Prologus,
484 3670 565 3750 quia
585 3671 699 3736 forsan
716 3673 872 3756 obsoleto
899 3680 932 3738 et
955 3678 1098 3742 barbaro
1117 3678 1225 3742 'ferme
1239 3699 1391 3744 sermone

291 3767 434 3832 historia
446 3767 520 3834 haec
544 3773 698 3836 consulto
713 3774 783 3838 fuit'
795 3795 817 3839 a
833 3775 979 3841 Praxide
999 3780 1204 3863 composita,
1220 3781 1394 3854 redactam

291 3889 367 3934 eam
378 3869 480 3954 jussu
503 3869 659 3950 Neronis,
676 3875 819 3940 sublatis
832 3877 1076 3946 illis'obsoletis
1096 3889 1132 3945 et
1146 3883 1341 3964 peregrinis,
1356 3883 1393 3948 in

291 3973 434 4036 nitorem
448 3971 573 4054 lingum
588 3978 665 4038 tunc
676 3975 853 4041 usitatum
838 3998 958 4061 ,aeque
972 3999 1013 4045 ac
1023 3982 1163 4046 Punicae
1175 3983 1284 4067 literar
1300 4003 1395 4048 corn·

291 4078 429 4138 mutatae
452 4081 528 4138 sant
541 4073 689 4141 Atticisr
674 4078 776 4144 fId
802 4099 901 4164 paene
923 4082 1151 4162 credidissem,
1156 4087 1246 4172 quia
1261 4094 1394 4151 cetero-

293 4174 373 4256 quin
393 4175 469 4241 ille
475 4176 641 4260 Prologus
663 4179 789 4247 diserte
813 4183 914 4246 nimis
940 4187 1070 4250 auctori
1092 4205 1155 4250 suo
1158 4185 1392 4268 adversatur,
