<?xml version="1.0" encoding="UTF-8"?>
<!DOCTYPE html PUBLIC "-//W3C//DTD XHTML 1.0 Transitional//EN"
    "http://www.w3.org/TR/xhtml1/DTD/xhtml1-transitional.dtd">
<html xmlns="http://www.w3.org/1999/xhtml" xml:lang="en" lang="en">
 <head>
  <title>
</title>
<meta http-equiv="Content-Type" content="text/html;charset=utf-8" />
  <meta name='ocr-system' content='tesseract 3.04.00' />
  <meta name='ocr-capabilities' content='ocr_page ocr_carea ocr_par ocr_line ocrx_word'/>
</head>
<body>
  <div class='ocr_page' id='page_1' title='image "./dictyscretensis00dresgoog_0181.png"; bbox 0 0 3178 4948; ppageno 0'>
   <div class='ocr_carea' id='block_1_1' title="bbox 301 369 1044 435">
    <p class='ocr_par' dir='ltr' id='par_1_1' title="bbox 301 369 1044 435">
     <span class='ocr_line' id='line_1_1' title="bbox 301 369 1044 435; baseline -0.004 -3"><span class='ocrx_word' id='word_1_1' title='bbox 301 369 366 435; x_wconf 79' lang='lat'><strong>172</strong></span> <span class='ocrx_word' id='word_1_2' title='bbox 652 381 813 431; x_wconf 78' lang='lat' dir='ltr'><strong>uro&#39;rros</strong></span> <span class='ocrx_word' id='word_1_3' title='bbox 836 381 1044 430; x_wconf 82' lang='lat' dir='ltr'><strong>oaurnusrs</strong></span> 
     </span>
    </p>
   </div>
   <div class='ocr_carea' id='block_1_2' title="bbox 226 524 1409 1914">
    <p class='ocr_par' dir='ltr' id='par_1_2' title="bbox 226 524 1409 1914">
     <span class='ocr_line' id='line_1_2' title="bbox 302 524 1409 607; baseline -0.004 -15"><span class='ocrx_word' id='word_1_4' title='bbox 302 529 361 592; x_wconf 88' lang='lat' dir='ltr'><strong>ubi</strong></span> <span class='ocrx_word' id='word_1_5' title='bbox 384 543 443 591; x_wconf 87' lang='lat' dir='ltr'><strong>eos</strong></span> <span class='ocrx_word' id='word_1_6' title='bbox 468 529 584 590; x_wconf 87' lang='lat' dir='ltr'><strong>eontra</strong></span> <span class='ocrx_word' id='word_1_7' title='bbox 604 543 641 588; x_wconf 88' lang='lat' dir='ltr'><strong>se</strong></span> <span class='ocrx_word' id='word_1_8' title='bbox 663 525 799 589; x_wconf 90' lang='lat' dir='ltr'><strong>tendere</strong></span> <span class='ocrx_word' id='word_1_9' title='bbox 823 528 959 607; x_wconf 87' lang='lat' dir='ltr'><strong>paratos</strong></span> <span class='ocrx_word' id='word_1_10' title='bbox 986 524 1086 588; x_wconf 91' lang='lat' dir='ltr'><strong>armis</strong></span> <span class='ocrx_word' id='word_1_11' title='bbox 1111 529 1211 606; x_wconf 88' lang='lat' dir='ltr'><strong>atque</strong></span> <span class='ocrx_word' id='word_1_12' title='bbox 1238 524 1409 589; x_wconf 83' lang='lat' dir='ltr'><strong>animis⁷⁵·</strong></span> 
     </span>
     <span class='ocr_line' id='line_1_3' title="bbox 302 623 1401 710; baseline -0.005 -19"><span class='ocrx_word' id='word_1_13' title='bbox 302 635 438 710; x_wconf 90' lang='lat' dir='ltr'><strong>uterque</strong></span> <span class='ocrx_word' id='word_1_14' title='bbox 454 626 622 691; x_wconf 82' lang='lat' dir='ltr'><strong>exercilus</strong></span> <span class='ocrx_word' id='word_1_15' title='bbox 637 625 884 701; x_wconf 80' lang='lat' dir='ltr'><strong>animaduertit,</strong></span> <span class='ocrx_word' id='word_1_16' title='bbox 900 625 995 707; x_wconf 86' lang='lat' dir='ltr'><strong>signo</strong></span> <span class='ocrx_word' id='word_1_17' title='bbox 1010 623 1090 686; x_wconf 86' lang='lat' dir='ltr'><strong>dato</strong></span> <span class='ocrx_word' id='word_1_18' title='bbox 1104 623 1265 688; x_wconf 86' lang='lat' dir='ltr'><strong>recedunt</strong></span> <span class='ocrx_word' id='word_1_19' title='bbox 1276 626 1401 690; x_wconf 82' lang='lat' dir='ltr'><strong>cuncti:</strong></span> 
     </span>
     <span class='ocr_line' id='line_1_4' title="bbox 303 723 1405 813; baseline -0.004 -21"><span class='ocrx_word' id='word_1_20' title='bbox 303 727 386 813; x_wconf 75' lang='lat' dir='ltr'><strong>[au]</strong></span> <span class='ocrx_word' id='word_1_21' title='bbox 406 727 548 811; x_wconf 83' lang='lat' dir='ltr'><strong>Jamque</strong></span> <span class='ocrx_word' id='word_1_22' title='bbox 563 731 700 809; x_wconf 88' lang='lat' dir='ltr'><strong>uterque</strong></span> <span class='ocrx_word' id='word_1_23' title='bbox 716 725 819 807; x_wconf 93' lang='lat' dir='ltr'><strong>pleno</strong></span> <span class='ocrx_word' id='word_1_24' title='bbox 844 724 949 806; x_wconf 80' lang='lat' dir='ltr'><strong>gradu</strong></span> <span class='ocrx_word' id='word_1_25' title='bbox 970 723 1151 786; x_wconf 86' lang='lat' dir='ltr'><strong>advorsum</strong></span> <span class='ocrx_word' id='word_1_26' title='bbox 1174 723 1334 788; x_wconf 88' lang='lat' dir='ltr'><strong>incedens</strong></span> <span class='ocrx_word' id='word_1_27' title='bbox 1355 727 1405 788; x_wconf 92' lang='lat' dir='ltr'><strong>in·</strong></span> 
     </span>
     <span class='ocr_line' id='line_1_5' title="bbox 302 822 1403 910; baseline -0.001 -19"><span class='ocrx_word' id='word_1_28' title='bbox 302 842 355 898; x_wconf 88' lang='lat' dir='ltr'><strong>tra</strong></span> <span class='ocrx_word' id='word_1_29' title='bbox 372 827 500 909; x_wconf 86' lang='lat' dir='ltr'><strong>jactum</strong></span> <span class='ocrx_word' id='word_1_30' title='bbox 515 827 577 890; x_wconf 87' lang='lat' dir='ltr'><strong>teli</strong></span> <span class='ocrx_word' id='word_1_31' title='bbox 592 832 818 910; x_wconf 86' lang='lat' dir='ltr'><strong>pervenerant,</strong></span> <span class='ocrx_word' id='word_1_32' title='bbox 842 845 916 890; x_wconf 91' lang='lat' dir='ltr'><strong>oum</strong></span> <span class='ocrx_word' id='word_1_33' title='bbox 931 822 1127 887; x_wconf 82' lang='lat' dir='ltr'><strong>Alexander</strong></span> <span class='ocrx_word' id='word_1_34' title='bbox 1142 825 1328 906; x_wconf 81' lang='lat' dir='ltr'><strong>praevenire</strong></span> <span class='ocrx_word' id='word_1_35' title='bbox 1344 845 1403 890; x_wconf 88' lang='lat' dir='ltr'><strong>cn·</strong></span> 
     </span>
     <span class='ocr_line' id='line_1_6' title="bbox 302 925 1403 1010; baseline -0.003 -17"><span class='ocrx_word' id='word_1_36' title='bbox 302 931 410 1010; x_wconf 92' lang='lat' dir='ltr'><strong>piens,</strong></span> <span class='ocrx_word' id='word_1_37' title='bbox 425 929 589 1010; x_wconf 84' lang='lat' dir='ltr'><strong>simulque</strong></span> <span class='ocrx_word' id='word_1_38' title='bbox 615 926 728 992; x_wconf 65' lang='lat' dir='ltr'><strong>ratus*</strong></span> <span class='ocrx_word' id='word_1_39' title='bbox 750 929 859 1010; x_wconf 91' lang='lat' dir='ltr'><strong>primo</strong></span> <span class='ocrx_word' id='word_1_40' title='bbox 880 925 986 1010; x_wconf 85' lang='lat' dir='ltr'><strong>jaculi</strong></span> <span class='ocrx_word' id='word_1_41' title='bbox 1009 930 1129 989; x_wconf 86' lang='lat' dir='ltr'><strong>eventu</strong></span> <span class='ocrx_word' id='word_1_42' title='bbox 1147 925 1257 989; x_wconf 87' lang='lat' dir='ltr'><strong>locum</strong></span> <span class='ocrx_word' id='word_1_43' title='bbox 1272 925 1403 990; x_wconf 87' lang='lat' dir='ltr'><strong>vulneri</strong></span> 
     </span>
     <span class='ocr_line' id='line_1_7' title="bbox 301 1024 1403 1111; baseline -0.002 -19"><span class='ocrx_word' id='word_1_44' title='bbox 301 1031 520 1104; x_wconf 87' lang='lat' dir='ltr'><strong>inventurum,</strong></span> <span class='ocrx_word' id='word_1_45' title='bbox 543 1029 718 1111; x_wconf 85' lang='lat' dir='ltr'><strong>praemittit</strong></span> <span class='ocrx_word' id='word_1_46' title='bbox 743 1027 885 1102; x_wconf 82' lang='lat' dir='ltr'><strong>hastam,</strong></span> <span class='ocrx_word' id='word_1_47' title='bbox 910 1044 1016 1106; x_wconf 90' lang='lat' dir='ltr'><strong>eaque</strong></span> <span class='ocrx_word' id='word_1_48' title='bbox 1038 1024 1132 1088; x_wconf 91' lang='lat' dir='ltr'><strong>illisa</strong></span> <span class='ocrx_word' id='word_1_49' title='bbox 1157 1024 1276 1107; x_wconf 82' lang='lat' dir='ltr'><strong>clypeo</strong></span> <span class='ocrx_word' id='word_1_50' title='bbox 1297 1025 1403 1090; x_wconf 85' lang='lat' dir='ltr'><strong>facile</strong></span> 
     </span>
     <span class='ocr_line' id='line_1_8' title="bbox 302 1123 1403 1206; baseline -0.002 -16"><span class='ocrx_word' id='word_1_51' title='bbox 302 1128 446 1192; x_wconf 80' lang='lat' dir='ltr'><strong>decussa</strong></span> <span class='ocrx_word' id='word_1_52' title='bbox 472 1132 548 1190; x_wconf 80' lang='lat' dir='ltr'><strong>est.¹¹</strong></span> <span class='ocrx_word' id='word_1_53' title='bbox 592 1126 682 1190; x_wconf 89' lang='lat' dir='ltr'><strong>Dein</strong></span> <span class='ocrx_word' id='word_1_54' title='bbox 711 1124 887 1188; x_wconf 82' lang='lat' dir='ltr'><strong>Menelaus</strong></span> <span class='ocrx_word' id='word_1_55' title='bbox 916 1143 1037 1205; x_wconf 83' lang='lat' dir='ltr'><strong>magno</strong></span> <span class='ocrx_word' id='word_1_56' title='bbox 1062 1124 1191 1206; x_wconf 90' lang='lat' dir='ltr'><strong>impetu</strong></span> <span class='ocrx_word' id='word_1_57' title='bbox 1217 1123 1403 1206; x_wconf 89' lang='lat' dir='ltr'><strong>jaculatur,</strong></span> 
     </span>
     <span class='ocr_line' id='line_1_9' title="bbox 301 1221 1405 1308; baseline -0.005 -15"><span class='ocrx_word' id='word_1_58' title='bbox 301 1228 391 1294; x_wconf 86' lang='lat' dir='ltr'><strong>haud</strong></span> <span class='ocrx_word' id='word_1_59' title='bbox 415 1246 497 1291; x_wconf 87' lang='lat' dir='ltr'><strong>sane</strong></span> <span class='ocrx_word' id='word_1_60' title='bbox 521 1221 676 1289; x_wconf 87' lang='lat' dir='ltr'><strong>dissimili</strong></span> <span class='ocrx_word' id='word_1_61' title='bbox 693 1244 797 1289; x_wconf 84' lang='lat' dir='ltr'><strong>essu:</strong></span> <span class='ocrx_word' id='word_1_62' title='bbox 820 1244 965 1307; x_wconf 92' lang='lat' dir='ltr'><strong>namque</strong></span> <span class='ocrx_word' id='word_1_63' title='bbox 980 1230 1097 1307; x_wconf 90' lang='lat' dir='ltr'><strong>parato</strong></span> <span class='ocrx_word' id='word_1_64' title='bbox 1115 1225 1188 1308; x_wconf 93' lang='lat' dir='ltr'><strong>jam</strong></span> <span class='ocrx_word' id='word_1_65' title='bbox 1212 1225 1256 1289; x_wconf 84' lang='lat' dir='ltr'><strong>ad</strong></span> <span class='ocrx_word' id='word_1_66' title='bbox 1279 1242 1405 1290; x_wconf 84' lang='lat' dir='ltr'><strong>caven-</strong></span> 
     </span>
     <span class='ocr_line' id='line_1_10' title="bbox 303 1324 1404 1410; baseline -0.001 -19"><span class='ocrx_word' id='word_1_67' title='bbox 303 1330 394 1406; x_wconf 89' lang='lat' dir='ltr'><strong>dum,</strong></span> <span class='ocrx_word' id='word_1_68' title='bbox 408 1329 577 1410; x_wconf 85' lang='lat' dir='ltr'><strong>ictumque</strong></span> <span class='ocrx_word' id='word_1_69' title='bbox 601 1326 787 1390; x_wconf 83' lang='lat' dir='ltr'><strong>declinante</strong></span> <span class='ocrx_word' id='word_1_70' title='bbox 812 1327 920 1404; x_wconf 89' lang='lat' dir='ltr'><strong>hoste,</strong></span> <span class='ocrx_word' id='word_1_71' title='bbox 942 1327 1048 1389; x_wconf 89' lang='lat' dir='ltr'><strong>telum</strong></span> <span class='ocrx_word' id='word_1_72' title='bbox 1063 1325 1155 1390; x_wconf 87' lang='lat' dir='ltr'><strong>humi</strong></span> <span class='ocrx_word' id='word_1_73' title='bbox 1177 1325 1312 1407; x_wconf 78' lang='lat' dir='ltr'><strong>ligitur.v</strong></span> <span class='ocrx_word' id='word_1_74' title='bbox 1355 1324 1404 1390; x_wconf 89' lang='lat' dir='ltr'><strong>At</strong></span> 
     </span>
     <span class='ocr_line' id='line_1_11' title="bbox 303 1426 1404 1510; baseline -0.001 -19"><span class='ocrx_word' id='word_1_75' title='bbox 303 1430 362 1492; x_wconf 94' lang='lat' dir='ltr'><strong>ubi</strong></span> <span class='ocrx_word' id='word_1_76' title='bbox 376 1429 471 1492; x_wconf 86' lang='lat' dir='ltr'><strong>novis</strong></span> <span class='ocrx_word' id='word_1_77' title='bbox 481 1427 754 1510; x_wconf 67' lang='lat' dir='ltr'><strong>jaculis&#39;manus</strong></span> <span class='ocrx_word' id='word_1_78' title='bbox 766 1429 940 1510; x_wconf 89' lang='lat' dir='ltr'><strong>utriusque</strong></span> <span class='ocrx_word' id='word_1_79' title='bbox 952 1426 1148 1491; x_wconf 87' lang='lat' dir='ltr'><strong>redarmatae</strong></span> <span class='ocrx_word' id='word_1_80' title='bbox 1164 1433 1254 1502; x_wconf 86' lang='lat' dir='ltr'><strong>suut,</strong></span> <span class='ocrx_word' id='word_1_81' title='bbox 1264 1431 1404 1510; x_wconf 85' lang='lat' dir='ltr'><strong>pergunt</strong></span> 
     </span>
     <span class='ocr_line' id='line_1_12' title="bbox 304 1526 1404 1605; baseline -0.002 -13"><span class='ocrx_word' id='word_1_82' title='bbox 304 1527 463 1592; x_wconf 79' lang='lat' dir='ltr'><strong>eontra:⁸</strong></span> <span class='ocrx_word' id='word_1_83' title='bbox 487 1535 557 1591; x_wconf 88' lang='lat' dir='ltr'><strong>tum</strong></span> <span class='ocrx_word' id='word_1_84' title='bbox 585 1528 721 1592; x_wconf 91' lang='lat' dir='ltr'><strong>demum</strong></span> <span class='ocrx_word' id='word_1_85' title='bbox 733 1526 935 1605; x_wconf 80' lang='lat' dir='ltr'><strong>Alexander,</strong></span> <span class='ocrx_word' id='word_1_86' title='bbox 955 1529 1044 1593; x_wconf 86' lang='lat' dir='ltr'><strong>ictus</strong></span> <span class='ocrx_word' id='word_1_87' title='bbox 1065 1528 1183 1604; x_wconf 86' lang='lat' dir='ltr'><strong>femur,</strong></span> <span class='ocrx_word' id='word_1_88' title='bbox 1205 1527 1312 1592; x_wconf 86' lang='lat' dir='ltr'><strong>cadit:</strong></span> <span class='ocrx_word' id='word_1_89' title='bbox 1326 1535 1340 1564; x_wconf 93' lang='lat'>¹</span> <span class='ocrx_word' id='word_1_90' title='bbox 1362 1545 1404 1590; x_wconf 89' lang='lat' dir='ltr'><strong>ao</strong></span> 
     </span>
     <span class='ocr_line' id='line_1_13' title="bbox 304 1628 1406 1712; baseline -0.001 -19"><span class='ocrx_word' id='word_1_91' title='bbox 304 1650 347 1693; x_wconf 88' lang='lat' dir='ltr'><strong>ne</strong></span> <span class='ocrx_word' id='word_1_92' title='bbox 363 1649 445 1693; x_wconf 86' lang='lat' dir='ltr'><strong>mox</strong></span> <span class='ocrx_word' id='word_1_93' title='bbox 460 1630 550 1694; x_wconf 88' lang='lat' dir='ltr'><strong>hosti</strong></span> <span class='ocrx_word' id='word_1_94' title='bbox 564 1631 725 1694; x_wconf 89' lang='lat' dir='ltr'><strong>ultionem</strong></span> <span class='ocrx_word' id='word_1_95' title='bbox 740 1649 818 1693; x_wconf 91' lang='lat' dir='ltr'><strong>enm</strong></span> <span class='ocrx_word' id='word_1_96' title='bbox 833 1649 963 1693; x_wconf 89' lang='lat' dir='ltr'><strong>summa</strong></span> <span class='ocrx_word' id='word_1_97' title='bbox 986 1629 1092 1712; x_wconf 81' lang='lat' dir='ltr'><strong>gloria</strong></span> <span class='ocrx_word' id='word_1_98' title='bbox 1106 1628 1313 1706; x_wconf 81' lang='lat' dir='ltr'><strong>concederet,</strong></span> <span class='ocrx_word' id='word_1_99' title='bbox 1326 1647 1406 1710; x_wconf 88' lang='lat' dir='ltr'><strong>pes·</strong></span> 
     </span>
     <span class='ocr_line' id='line_1_14' title="bbox 304 1717 1405 1814; baseline -0.003 -19"><span class='ocrx_word' id='word_1_100' title='bbox 304 1732 391 1795; x_wconf 86' lang='lat' dir='ltr'><strong>simo</strong></span> <span class='ocrx_word' id='word_1_101' title='bbox 413 1731 571 1814; x_wconf 86' lang='lat' dir='ltr'><strong>exemplo</strong></span> <span class='ocrx_word' id='word_1_102' title='bbox 587 1733 805 1794; x_wconf 80' lang='lat' dir='ltr'><strong>intercessum</strong></span> <span class='ocrx_word' id='word_1_103' title='bbox 821 1739 883 1795; x_wconf 90' lang='lat' dir='ltr'><strong>est.</strong></span> <span class='ocrx_word' id='word_1_104' title='bbox 927 1730 1019 1795; x_wconf 88' lang='lat' dir='ltr'><strong>Nem</strong></span> <span class='ocrx_word' id='word_1_105' title='bbox 1043 1750 1119 1793; x_wconf 88' lang='lat' dir='ltr'><strong>eum</strong></span> <span class='ocrx_word' id='word_1_106' title='bbox 1143 1717 1186 1792; x_wconf 90' lang='lat' dir='ltr'><strong>ad</strong></span> <span class='ocrx_word' id='word_1_107' title='bbox 1207 1729 1405 1793; x_wconf 53' lang='lat' dir='ltr'><strong>interficiens</strong></span> 
     </span>
     <span class='ocr_line' id='line_1_15' title="bbox 226 1829 1405 1914; baseline -0.004 -15"><span class='ocrx_word' id='word_1_108' title='bbox 226 1894 228 1899; x_wconf 79' lang='grc'>,</span> <span class='ocrx_word' id='word_1_109' title='bbox 305 1831 383 1894; x_wconf 90' lang='lat' dir='ltr'><strong>dum</strong></span> <span class='ocrx_word' id='word_1_110' title='bbox 409 1849 484 1896; x_wconf 91' lang='lat' dir='ltr'><strong>eum</strong></span> <span class='ocrx_word' id='word_1_111' title='bbox 509 1830 768 1912; x_wconf 85' lang='lat' dir='ltr'><strong>educto-gladio</strong></span> <span class='ocrx_word' id='word_1_112' title='bbox 791 1837 965 1914; x_wconf 85' lang='lat' dir='ltr'><strong>prorueret</strong></span> <span class='ocrx_word' id='word_1_113' title='bbox 989 1830 1176 1908; x_wconf 87' lang='lat' dir='ltr'><strong>Menelaus,</strong></span> <span class='ocrx_word' id='word_1_114' title='bbox 1197 1849 1241 1894; x_wconf 85' lang='lat' dir='ltr'><strong>ex</strong></span> <span class='ocrx_word' id='word_1_115' title='bbox 1267 1829 1405 1894; x_wconf 82' lang='lat' dir='ltr'><strong>occulto</strong></span> 
     </span>
    </p>
   </div>
   <div class='ocr_carea' id='block_1_3' title="bbox 767 2010 949 2031">
    <p class='ocr_par' dir='ltr' id='par_1_3' title="bbox 767 2010 949 2031">
     <span class='ocr_line' id='line_1_16' title="bbox 767 2010 949 2031; baseline 0 -1"><span class='ocrx_word' id='word_1_116' title='bbox 767 2010 949 2031; x_wconf 72' lang='lat' dir='ltr'><strong>ueeuunn</strong></span> 
     </span>
    </p>
   </div>
   <div class='ocr_carea' id='block_1_4' title="bbox 309 2109 1448 2221">
    <p class='ocr_par' dir='ltr' id='par_1_4' title="bbox 309 2109 1448 2221">
     <span class='ocr_line' id='line_1_17' title="bbox 309 2109 1448 2221; baseline 0 -29"><span class='ocrx_word' id='word_1_117' title='bbox 309 2140 446 2207; x_wconf 75' lang='lat' dir='ltr'><strong>legendum</strong></span> <span class='ocrx_word' id='word_1_118' title='bbox 459 2109 683 2221; x_wconf 75' lang='lat' dir='ltr'><strong>eoujieit,puratss</strong></span> <span class='ocrx_word' id='word_1_119' title='bbox 693 2141 766 2190; x_wconf 78' lang='lat' dir='ltr'><strong>nmis</strong></span> <span class='ocrx_word' id='word_1_120' title='bbox 774 2157 846 2206; x_wconf 76' lang='lat' dir='ltr'><strong>eque.</strong></span> <span class='ocrx_word' id='word_1_121' title='bbox 880 2141 1407 2206; x_wconf 72' lang='lat' dir='ltr'><strong>Moxproiusedesslegitllelplr.redesrs.</strong></span> <span class='ocrx_word' id='word_1_122' title='bbox 1445 2193 1448 2201; x_wconf 18' lang='grc' dir='ltr'><strong>Α</strong></span> 
     </span>
    </p>
   </div>
   <div class='ocr_carea' id='block_1_5' title="bbox 801 2307 909 2358">
    <p class='ocr_par' dir='ltr' id='par_1_5' title="bbox 801 2307 909 2358">
     <span class='ocr_line' id='line_1_18' title="bbox 801 2307 909 2358; baseline 0 0"><span class='ocrx_word' id='word_1_123' title='bbox 801 2307 909 2358; x_wconf 76' lang='grc' dir='ltr'><strong><em>ΝΟΤΙΕ</em></strong></span> 
     </span>
    </p>
   </div>
   <div class='ocr_carea' id='block_1_6' title="bbox 254 2415 1409 4283">
    <p class='ocr_par' dir='ltr' id='par_1_6' title="bbox 287 2415 1409 3605">
     <span class='ocr_line' id='line_1_19' title="bbox 310 2415 1187 2482; baseline -0.002 -14"><span class='ocrx_word' id='word_1_124' title='bbox 310 2417 440 2480; x_wconf 68' lang='lat' dir='ltr'><strong>Mestum,</strong></span> <span class='ocrx_word' id='word_1_125' title='bbox 456 2419 610 2482; x_wconf 67' lang='grc' dir='ltr'><strong><em>Ἀλέξανδρον</em></strong></span> <span class='ocrx_word' id='word_1_126' title='bbox 616 2418 719 2470; x_wconf 67' lang='lat' dir='ltr'><strong>tesedia</strong></span> <span class='ocrx_word' id='word_1_127' title='bbox 730 2419 836 2482; x_wconf 77' lang='grc' dir='ltr'><strong><em>Ὀφθολ-</em></strong></span> <span class='ocrx_word' id='word_1_128' title='bbox 875 2426 961 2471; x_wconf 82' lang='lat' dir='ltr'><strong>sutem</strong></span> <span class='ocrx_word' id='word_1_129' title='bbox 974 2435 1028 2470; x_wconf 88' lang='lat' dir='ltr'><strong>sors</strong></span> <span class='ocrx_word' id='word_1_130' title='bbox 1040 2419 1093 2470; x_wconf 83' lang='lat' dir='ltr'><strong>cito</strong></span> <span class='ocrx_word' id='word_1_131' title='bbox 1106 2415 1187 2468; x_wconf 87' lang='lat' dir='ltr'><strong>exiit.&#39;</strong></span> 
     </span>
     <span class='ocr_line' id='line_1_20' title="bbox 307 2493 1406 2558; baseline -0.002 -12"><span class='ocrx_word' id='word_1_132' title='bbox 307 2499 386 2557; x_wconf 85' lang='grc' dir='ltr'><strong><em>μοῐσιν</em></strong></span> <span class='ocrx_word' id='word_1_133' title='bbox 397 2495 456 2544; x_wconf 73' lang='grc' dir='ltr'><strong>ἰδών</strong></span> <span class='ocrx_word' id='word_1_134' title='bbox 472 2493 535 2557; x_wconf 66' lang='grc' dir='ltr'><strong>φάτο</strong></span> <span class='ocrx_word' id='word_1_135' title='bbox 545 2495 592 2558; x_wconf 68' lang='grc' dir='ltr'><strong>γὰρ</strong></span> <span class='ocrx_word' id='word_1_136' title='bbox 606 2495 716 2545; x_wconf 70' lang='grc' dir='ltr'><strong><em>τίσασθαι</em></strong></span> <span class='ocrx_word' id='word_1_137' title='bbox 727 2495 833 2554; x_wconf 67' lang='grc' dir='ltr'><strong>ἀλείτην.</strong></span> <span class='ocrx_word' id='word_1_138' title='bbox 908 2505 919 2530; x_wconf 80' lang='lat'><strong>&#39;¹</strong></span> <span class='ocrx_word' id='word_1_139' title='bbox 942 2498 1021 2558; x_wconf 78' lang='lat' dir='ltr'><strong>anue</strong></span> <span class='ocrx_word' id='word_1_140' title='bbox 1038 2496 1102 2544; x_wconf 82' lang='lat' dir='ltr'><strong>illisa</strong></span> <span class='ocrx_word' id='word_1_141' title='bbox 1118 2497 1198 2557; x_wconf 75' lang='lat' dir='ltr'><strong>clypeo</strong></span> <span class='ocrx_word' id='word_1_142' title='bbox 1210 2493 1287 2552; x_wconf 71' lang='lat' dir='ltr'><strong>settle</strong></span> <span class='ocrx_word' id='word_1_143' title='bbox 1306 2495 1406 2544; x_wconf 72' lang='lat' dir='ltr'><strong>demessa</strong></span> 
     </span>
     <span class='ocr_line' id='line_1_21' title="bbox 305 2566 1406 2634; baseline -0.003 -13"><span class='ocrx_word' id='word_1_144' title='bbox 305 2573 368 2621; x_wconf 86' lang='lat' dir='ltr'><strong>‘Sie</strong></span> <span class='ocrx_word' id='word_1_145' title='bbox 391 2570 494 2634; x_wconf 80' lang='lat' dir='ltr'><strong>gavisus</strong></span> <span class='ocrx_word' id='word_1_146' title='bbox 513 2578 554 2618; x_wconf 86' lang='lat' dir='ltr'><strong>est</strong></span> <span class='ocrx_word' id='word_1_147' title='bbox 573 2570 705 2619; x_wconf 83' lang='lat' dir='ltr'><strong>Menelaus</strong></span> <span class='ocrx_word' id='word_1_148' title='bbox 723 2569 834 2620; x_wconf 79' lang='lat' dir='ltr'><strong>Alexan·</strong></span> <span class='ocrx_word' id='word_1_149' title='bbox 874 2571 922 2634; x_wconf 82' lang='lat' dir='ltr'><strong>est]</strong></span> <span class='ocrx_word' id='word_1_150' title='bbox 940 2572 980 2620; x_wconf 84' lang='lat' dir='ltr'><strong>Ex</strong></span> <span class='ocrx_word' id='word_1_151' title='bbox 992 2570 1125 2618; x_wconf 85' lang='lat' dir='ltr'><strong>Homero:</strong></span> <span class='ocrx_word' id='word_1_152' title='bbox 1144 2566 1189 2616; x_wconf 82' lang='lat' dir='ltr'><strong>Kal</strong></span> <span class='ocrx_word' id='word_1_153' title='bbox 1199 2566 1276 2624; x_wconf 75' lang='grc' dir='ltr'><strong><em>βάλεν</em></strong></span> <span class='ocrx_word' id='word_1_154' title='bbox 1285 2567 1406 2630; x_wconf 75' lang='grc' dir='ltr'><strong><em>Ἀτρείδαο</em></strong></span> 
     </span>
     <span class='ocr_line' id='line_1_22' title="bbox 307 2643 1406 2708; baseline -0.003 -12"><span class='ocrx_word' id='word_1_155' title='bbox 307 2647 383 2696; x_wconf 82' lang='lat' dir='ltr'><strong>drrsm</strong></span> <span class='ocrx_word' id='word_1_156' title='bbox 403 2646 459 2694; x_wconf 86' lang='lat' dir='ltr'><strong>Deo</strong></span> <span class='ocrx_word' id='word_1_157' title='bbox 477 2645 584 2693; x_wconf 76' lang='lat' dir='ltr'><strong>similem</strong></span> <span class='ocrx_word' id='word_1_158' title='bbox 602 2645 692 2695; x_wconf 86' lang='lat' dir='ltr'><strong>Oculis</strong></span> <span class='ocrx_word' id='word_1_159' title='bbox 703 2645 836 2708; x_wconf 85' lang='lat' dir='ltr'><strong>conspica-</strong></span> <span class='ocrx_word' id='word_1_160' title='bbox 874 2646 926 2696; x_wconf 80' lang='grc' dir='ltr'><strong>κοτ’</strong></span> <span class='ocrx_word' id='word_1_161' title='bbox 937 2646 1024 2696; x_wconf 73' lang='grc' dir='ltr'><strong><em>ἀσπίδα</em></strong></span> <span class='ocrx_word' id='word_1_162' title='bbox 1038 2643 1143 2694; x_wconf 73' lang='grc' dir='ltr'><strong><em>πάντοσε</em></strong></span> <span class='ocrx_word' id='word_1_163' title='bbox 1161 2643 1290 2704; x_wconf 70' lang='grc' dir='ltr'><strong>ἲοὴν,οῡδ’</strong></span> <span class='ocrx_word' id='word_1_164' title='bbox 1309 2645 1406 2708; x_wconf 60' lang='lat' dir='ltr'><strong>{dputes</strong></span> 
     </span>
     <span class='ocr_line' id='line_1_23' title="bbox 309 2717 1409 2784; baseline -0.002 -14"><span class='ocrx_word' id='word_1_165' title='bbox 309 2729 352 2770; x_wconf 86' lang='lat' dir='ltr'><strong>tus</strong></span> <span class='ocrx_word' id='word_1_166' title='bbox 363 2737 370 2781; x_wconf 90' lang='lat'>;</span> <span class='ocrx_word' id='word_1_167' title='bbox 381 2719 503 2783; x_wconf 81' lang='lat' dir='ltr'><strong>sperabat</strong></span> <span class='ocrx_word' id='word_1_168' title='bbox 513 2720 579 2767; x_wconf 90' lang='lat' dir='ltr'><strong>enim</strong></span> <span class='ocrx_word' id='word_1_169' title='bbox 592 2734 620 2768; x_wconf 90' lang='lat' dir='ltr'><strong>se</strong></span> <span class='ocrx_word' id='word_1_170' title='bbox 632 2720 742 2768; x_wconf 89' lang='lat' dir='ltr'><strong>ulturum</strong></span> <span class='ocrx_word' id='word_1_171' title='bbox 755 2719 838 2768; x_wconf 89' lang='lat' dir='ltr'><strong>inimi·</strong></span> <span class='ocrx_word' id='word_1_172' title='bbox 875 2721 977 2784; x_wconf 74' lang='grc' dir='ltr'><strong><em>χαλκὸν,</em></strong></span> <span class='ocrx_word' id='word_1_173' title='bbox 988 2719 1137 2782; x_wconf 69' lang='grc' dir='ltr'><strong>ἀνεγνάμφθη</strong></span> <span class='ocrx_word' id='word_1_174' title='bbox 1153 2717 1181 2766; x_wconf 71' lang='grc' dir='ltr'><strong>δέ</strong></span> <span class='ocrx_word' id='word_1_175' title='bbox 1196 2717 1219 2766; x_wconf 75' lang='grc' dir='ltr'><strong>οἱ</strong></span> <span class='ocrx_word' id='word_1_176' title='bbox 1229 2717 1304 2780; x_wconf 75' lang='grc' dir='ltr'><strong><em>οἶχοὴ</em></strong></span> <span class='ocrx_word' id='word_1_177' title='bbox 1313 2719 1409 2768; x_wconf 76' lang='grc' dir='ltr'><strong><em>Ἀσπίδι</em></strong></span> 
     </span>
     <span class='ocr_line' id='line_1_24' title="bbox 309 2793 1407 2860; baseline -0.002 -14"><span class='ocrx_word' id='word_1_178' title='bbox 309 2794 385 2846; x_wconf 69' lang='lat' dir='ltr'><strong>euml</strong></span> <span class='ocrx_word' id='word_1_179' title='bbox 419 2794 516 2842; x_wconf 87' lang='lat' dir='ltr'><strong>Verum</strong></span> <span class='ocrx_word' id='word_1_180' title='bbox 534 2795 583 2843; x_wconf 87' lang='lat' dir='ltr'><strong>lroe</strong></span> <span class='ocrx_word' id='word_1_181' title='bbox 601 2793 730 2842; x_wconf 85' lang='lat' dir='ltr'><strong>Homerus</strong></span> <span class='ocrx_word' id='word_1_182' title='bbox 741 2794 773 2842; x_wconf 88' lang='lat' dir='ltr'><strong>de</strong></span> <span class='ocrx_word' id='word_1_183' title='bbox 786 2795 837 2858; x_wconf 91' lang='lat' dir='ltr'><strong>pri·</strong></span> <span class='ocrx_word' id='word_1_184' title='bbox 875 2797 902 2845; x_wconf 75' lang='lat' dir='ltr'><strong>tu</strong></span> <span class='ocrx_word' id='word_1_185' title='bbox 912 2796 1093 2860; x_wconf 49' lang='lat' dir='ltr'><strong>rperepffs‘Et</strong></span> <span class='ocrx_word' id='word_1_186' title='bbox 1104 2793 1177 2843; x_wconf 78' lang='lat' dir='ltr'><strong>feriit</strong></span> <span class='ocrx_word' id='word_1_187' title='bbox 1191 2793 1291 2844; x_wconf 72' lang='lat' dir='ltr'><strong>Atride</strong></span> <span class='ocrx_word' id='word_1_188' title='bbox 1304 2803 1407 2846; x_wconf 87' lang='lat' dir='ltr'><strong>scutum</strong></span> 
     </span>
     <span class='ocr_line' id='line_1_25' title="bbox 309 2867 1409 2936; baseline 0 -17"><span class='ocrx_word' id='word_1_189' title='bbox 309 2870 348 2920; x_wconf 89' lang='lat' dir='ltr'><strong>ori</strong></span> <span class='ocrx_word' id='word_1_190' title='bbox 367 2882 522 2932; x_wconf 72' lang='lat' dir='ltr'><strong>congressu3</strong></span> <span class='ocrx_word' id='word_1_191' title='bbox 540 2868 586 2918; x_wconf 89' lang='lat' dir='ltr'><strong>sed</strong></span> <span class='ocrx_word' id='word_1_192' title='bbox 606 2867 704 2918; x_wconf 84' lang='lat' dir='ltr'><strong>Noster</strong></span> <span class='ocrx_word' id='word_1_193' title='bbox 721 2870 838 2920; x_wconf 84' lang='lat' dir='ltr'><strong>immuta·</strong></span> <span class='ocrx_word' id='word_1_194' title='bbox 876 2871 1109 2936; x_wconf 76' lang='lat' dir='ltr'><strong>undiqueaequale,</strong></span> <span class='ocrx_word' id='word_1_195' title='bbox 1120 2869 1214 2931; x_wconf 83' lang='lat' dir='ltr'><strong>Neque</strong></span> <span class='ocrx_word' id='word_1_196' title='bbox 1230 2870 1352 2932; x_wconf 84' lang='lat' dir='ltr'><strong>perrupit</strong></span> <span class='ocrx_word' id='word_1_197' title='bbox 1363 2885 1409 2932; x_wconf 76' lang='lat' dir='ltr'><strong>as,</strong></span> 
     </span>
     <span class='ocr_line' id='line_1_26' title="bbox 313 2945 1408 3008; baseline 0.001 -15"><span class='ocrx_word' id='word_1_198' title='bbox 313 2945 361 2995; x_wconf 84' lang='lat' dir='ltr'><strong>rit.</strong></span> <span class='ocrx_word' id='word_1_199' title='bbox 876 2948 922 2997; x_wconf 88' lang='lat' dir='ltr'><strong>sed</strong></span> <span class='ocrx_word' id='word_1_200' title='bbox 935 2945 1032 2996; x_wconf 83' lang='lat' dir='ltr'><strong>reflexa</strong></span> <span class='ocrx_word' id='word_1_201' title='bbox 1042 2952 1084 2995; x_wconf 89' lang='lat' dir='ltr'><strong>est</strong></span> <span class='ocrx_word' id='word_1_202' title='bbox 1096 2945 1132 2994; x_wconf 90' lang='lat' dir='ltr'><strong>illi</strong></span> <span class='ocrx_word' id='word_1_203' title='bbox 1144 2945 1232 3008; x_wconf 84' lang='lat' dir='ltr'><strong>cuspis</strong></span> <span class='ocrx_word' id='word_1_204' title='bbox 1249 2945 1280 2994; x_wconf 88' lang='lat' dir='ltr'><strong>In</strong></span> <span class='ocrx_word' id='word_1_205' title='bbox 1300 2945 1408 2994; x_wconf 85' lang='lat' dir='ltr'><strong>robusto</strong></span> 
     </span>
     <span class='ocr_line' id='line_1_27' title="bbox 302 3012 972 3083; baseline 0.006 -15"><span class='ocrx_word' id='word_1_206' title='bbox 302 3012 307 3024; x_wconf 92' lang='lat'>&#39;</span> <span class='ocrx_word' id='word_1_207' title='bbox 342 3028 352 3052; x_wconf 84' lang='lat'>⁸</span> <span class='ocrx_word' id='word_1_208' title='bbox 369 3019 473 3068; x_wconf 82' lang='lat' dir='ltr'><strong>Paratus</strong></span> <span class='ocrx_word' id='word_1_209' title='bbox 491 3019 650 3083; x_wconf 68' lang='lat' dir='ltr'><strong>sorbetque</strong></span> <span class='ocrx_word' id='word_1_210' title='bbox 666 3017 764 3083; x_wconf 83' lang='lat' dir='ltr'><strong>sstmis]</strong></span> <span class='ocrx_word' id='word_1_211' title='bbox 780 3021 840 3069; x_wconf 79' lang='lat' dir='ltr'><strong>Vox</strong></span> <span class='ocrx_word' id='word_1_212' title='bbox 878 3021 972 3072; x_wconf 70' lang='lat' dir='ltr'><strong>scuto!</strong></span> 
     </span>
     <span class='ocr_line' id='line_1_28' title="bbox 310 3092 1407 3159; baseline 0 -15"><span class='ocrx_word' id='word_1_213' title='bbox 310 3092 438 3144; x_wconf 80' lang='lat' dir='ltr'><strong>‘animis&#39;</strong></span> <span class='ocrx_word' id='word_1_214' title='bbox 454 3093 527 3142; x_wconf 80' lang='lat' dir='ltr'><strong>deest</strong></span> <span class='ocrx_word' id='word_1_215' title='bbox 538 3094 564 3142; x_wconf 88' lang='lat' dir='ltr'><strong>iu</strong></span> <span class='ocrx_word' id='word_1_216' title='bbox 576 3095 658 3144; x_wconf 75' lang='lat' dir='ltr'><strong>Mea:</strong></span> <span class='ocrx_word' id='word_1_217' title='bbox 677 3103 704 3145; x_wconf 92' lang='lat' dir='ltr'><strong>et</strong></span> <span class='ocrx_word' id='word_1_218' title='bbox 715 3109 778 3150; x_wconf 79' lang='lat' dir='ltr'><strong>seue</strong></span> <span class='ocrx_word' id='word_1_219' title='bbox 789 3110 840 3145; x_wconf 90' lang='lat' dir='ltr'><strong>uon</strong></span> <span class='ocrx_word' id='word_1_220' title='bbox 911 3105 922 3129; x_wconf 74' lang='lat'>¹</span> <span class='ocrx_word' id='word_1_221' title='bbox 941 3097 1021 3148; x_wconf 73' lang='lat' dir='ltr'><strong>Telum</strong></span> <span class='ocrx_word' id='word_1_222' title='bbox 1037 3095 1102 3144; x_wconf 75' lang='lat' dir='ltr'><strong>lumi</strong></span> <span class='ocrx_word' id='word_1_223' title='bbox 1112 3094 1217 3159; x_wconf 74' lang='lat' dir='ltr'><strong>figitur]</strong></span> <span class='ocrx_word' id='word_1_224' title='bbox 1243 3093 1280 3144; x_wconf 82' lang='lat' dir='ltr'><strong>At</strong></span> <span class='ocrx_word' id='word_1_225' title='bbox 1298 3095 1407 3144; x_wconf 87' lang='lat' dir='ltr'><strong>Homer.</strong></span> 
     </span>
     <span class='ocr_line' id='line_1_29' title="bbox 310 3167 1408 3234; baseline 0 -16"><span class='ocrx_word' id='word_1_226' title='bbox 310 3169 388 3218; x_wconf 88' lang='lat' dir='ltr'><strong>iidem</strong></span> <span class='ocrx_word' id='word_1_227' title='bbox 398 3168 474 3218; x_wconf 82' lang='lat' dir='ltr'><strong>animi</strong></span> <span class='ocrx_word' id='word_1_228' title='bbox 490 3167 586 3230; x_wconf 88' lang='lat' dir='ltr'><strong>Paridi,</strong></span> <span class='ocrx_word' id='word_1_229' title='bbox 596 3169 639 3234; x_wconf 88' lang='lat' dir='ltr'><strong>qui</strong></span> <span class='ocrx_word' id='word_1_230' title='bbox 651 3169 842 3220; x_wconf 81' lang='lat' dir='ltr'><strong>coaetusafrs·</strong></span> <span class='ocrx_word' id='word_1_231' title='bbox 880 3171 971 3221; x_wconf 82' lang='lat' dir='ltr'><strong>scribit</strong></span> <span class='ocrx_word' id='word_1_232' title='bbox 989 3171 1105 3219; x_wconf 82' lang='lat' dir='ltr'><strong>lanceam</strong></span> <span class='ocrx_word' id='word_1_233' title='bbox 1122 3176 1224 3218; x_wconf 87' lang='lat' dir='ltr'><strong>scutum</strong></span> <span class='ocrx_word' id='word_1_234' title='bbox 1247 3177 1408 3234; x_wconf 84' lang='lat' dir='ltr'><strong>penetrasse,</strong></span> 
     </span>
     <span class='ocr_line' id='line_1_30' title="bbox 311 3243 1409 3309; baseline 0 -15"><span class='ocrx_word' id='word_1_235' title='bbox 311 3243 395 3294; x_wconf 89' lang='lat' dir='ltr'><strong>tribus</strong></span> <span class='ocrx_word' id='word_1_236' title='bbox 419 3243 520 3293; x_wconf 83' lang='lat' dir='ltr'><strong>redibat</strong></span> <span class='ocrx_word' id='word_1_237' title='bbox 543 3244 576 3293; x_wconf 90' lang='lat' dir='ltr'><strong>ad</strong></span> <span class='ocrx_word' id='word_1_238' title='bbox 599 3259 720 3309; x_wconf 72' lang='lat' dir='ltr'><strong>pugnam,</strong></span> <span class='ocrx_word' id='word_1_239' title='bbox 742 3246 841 3309; x_wconf 84' lang='lat' dir='ltr'><strong>pudore</strong></span> <span class='ocrx_word' id='word_1_240' title='bbox 881 3247 993 3296; x_wconf 83' lang='lat' dir='ltr'><strong>tunicam</strong></span> <span class='ocrx_word' id='word_1_241' title='bbox 1004 3244 1179 3308; x_wconf 85' lang='lat' dir='ltr'><strong>discidisse,et</strong></span> <span class='ocrx_word' id='word_1_242' title='bbox 1188 3243 1267 3293; x_wconf 87' lang='lat' dir='ltr'><strong>Parin</strong></span> <span class='ocrx_word' id='word_1_243' title='bbox 1278 3245 1409 3295; x_wconf 87' lang='lat' dir='ltr'><strong>deelinan-</strong></span> 
     </span>
     <span class='ocr_line' id='line_1_31' title="bbox 312 3319 1184 3384; baseline -0.001 -15"><span class='ocrx_word' id='word_1_244' title='bbox 312 3319 398 3384; x_wconf 90' lang='lat' dir='ltr'><strong>potius</strong></span> <span class='ocrx_word' id='word_1_245' title='bbox 417 3319 608 3384; x_wconf 79' lang='lat' dir='ltr'><strong>qusmfesoeia.</strong></span> <span class='ocrx_word' id='word_1_246' title='bbox 642 3321 734 3371; x_wconf 82' lang='lat' dir='ltr'><strong>Scribe</strong></span> <span class='ocrx_word' id='word_1_247' title='bbox 749 3323 841 3384; x_wconf 68' lang='lat' dir='ltr'><strong>‘para</strong></span> <span class='ocrx_word' id='word_1_248' title='bbox 882 3327 934 3370; x_wconf 89' lang='lat' dir='ltr'><strong>tem</strong></span> <span class='ocrx_word' id='word_1_249' title='bbox 946 3328 1055 3369; x_wconf 88' lang='lat' dir='ltr'><strong>mortem</strong></span> <span class='ocrx_word' id='word_1_250' title='bbox 1065 3319 1184 3368; x_wconf 83' lang='lat' dir='ltr'><strong>evitasse.</strong></span> 
     </span>
     <span class='ocr_line' id='line_1_32' title="bbox 312 3391 1408 3459; baseline -0.005 -13"><span class='ocrx_word' id='word_1_251' title='bbox 312 3403 353 3446; x_wconf 89' lang='lat' dir='ltr'><strong>tos</strong></span> <span class='ocrx_word' id='word_1_252' title='bbox 365 3396 443 3444; x_wconf 86' lang='lat' dir='ltr'><strong>armis</strong></span> <span class='ocrx_word' id='word_1_253' title='bbox 455 3394 547 3458; x_wconf 80' lang='lat' dir='ltr'><strong>aque‚&#39;</strong></span> <span class='ocrx_word' id='word_1_254' title='bbox 564 3395 611 3443; x_wconf 87' lang='lat' dir='ltr'><strong>hoe</strong></span> <span class='ocrx_word' id='word_1_255' title='bbox 623 3402 672 3458; x_wconf 89' lang='lat' dir='ltr'><strong>est,</strong></span> <span class='ocrx_word' id='word_1_256' title='bbox 687 3395 790 3459; x_wconf 87' lang='lat' dir='ltr'><strong>paribus</strong></span> <span class='ocrx_word' id='word_1_257' title='bbox 802 3411 842 3444; x_wconf 85' lang='lat' dir='ltr'><strong>ar·</strong></span> <span class='ocrx_word' id='word_1_258' title='bbox 913 3401 930 3425; x_wconf 59' lang='lat' dir='ltr'><strong>W</strong></span> <span class='ocrx_word' id='word_1_259' title='bbox 947 3393 1023 3441; x_wconf 82' lang='lat' dir='ltr'><strong>Novis</strong></span> <span class='ocrx_word' id='word_1_260' title='bbox 1027 3392 1128 3456; x_wconf 77' lang='lat' dir='ltr'><strong>jaculis]</strong></span> <span class='ocrx_word' id='word_1_261' title='bbox 1146 3391 1197 3442; x_wconf 77' lang='lat' dir='ltr'><strong>sed</strong></span> <span class='ocrx_word' id='word_1_262' title='bbox 1209 3391 1298 3446; x_wconf 78' lang='lat' dir='ltr'><strong>ferrum</strong></span> <span class='ocrx_word' id='word_1_263' title='bbox 1310 3399 1352 3443; x_wconf 85' lang='lat' dir='ltr'><strong>est</strong></span> <span class='ocrx_word' id='word_1_264' title='bbox 1363 3407 1408 3442; x_wconf 93' lang='lat' dir='ltr'><strong>eos</strong></span> 
     </span>
     <span class='ocr_line' id='line_1_33' title="bbox 313 3466 1407 3533; baseline -0.004 -11"><span class='ocrx_word' id='word_1_265' title='bbox 313 3473 362 3522; x_wconf 89' lang='lat' dir='ltr'><strong>mis</strong></span> <span class='ocrx_word' id='word_1_266' title='bbox 374 3471 528 3529; x_wconf 80' lang='lat' dir='ltr'><strong>instruetm3</strong></span> <span class='ocrx_word' id='word_1_267' title='bbox 540 3470 609 3533; x_wconf 89' lang='lat' dir='ltr'><strong>quod</strong></span> <span class='ocrx_word' id='word_1_268' title='bbox 620 3483 680 3519; x_wconf 86' lang='lat' dir='ltr'><strong>sane</strong></span> <span class='ocrx_word' id='word_1_269' title='bbox 688 3470 840 3532; x_wconf 88' lang='lat' dir='ltr'><strong>justoduei·</strong></span> <span class='ocrx_word' id='word_1_270' title='bbox 881 3482 961 3518; x_wconf 86' lang='lat' dir='ltr'><strong>novas</strong></span> <span class='ocrx_word' id='word_1_271' title='bbox 979 3467 1065 3516; x_wconf 84' lang='lat' dir='ltr'><strong>hastas</strong></span> <span class='ocrx_word' id='word_1_272' title='bbox 1080 3466 1211 3529; x_wconf 82' lang='lat' dir='ltr'><strong>sumsisse;</strong></span> <span class='ocrx_word' id='word_1_273' title='bbox 1229 3481 1288 3516; x_wconf 82' lang='lat' dir='ltr'><strong>uam</strong></span> <span class='ocrx_word' id='word_1_274' title='bbox 1303 3469 1407 3518; x_wconf 86' lang='lat' dir='ltr'><strong>ensibus</strong></span> 
     </span>
     <span class='ocr_line' id='line_1_34' title="bbox 287 3539 1119 3605; baseline -0.008 -8"><span class='ocrx_word' id='word_1_275' title='bbox 287 3565 290 3572; x_wconf 80' lang='grc'><strong>’</strong></span> <span class='ocrx_word' id='word_1_276' title='bbox 314 3549 341 3597; x_wconf 90' lang='lat' dir='ltr'><strong>lo</strong></span> <span class='ocrx_word' id='word_1_277' title='bbox 352 3547 534 3596; x_wconf 81' lang='lat' dir='ltr'><strong>necessarium.</strong></span> <span class='ocrx_word' id='word_1_278' title='bbox 880 3542 1005 3605; x_wconf 89' lang='lat' dir='ltr'><strong>impetum</strong></span> <span class='ocrx_word' id='word_1_279' title='bbox 1022 3539 1119 3590; x_wconf 83' lang='lat' dir='ltr'><strong>fecere.</strong></span> 
     </span>
    </p>

    <p class='ocr_par' dir='ltr' id='par_1_7' title="bbox 254 3615 1409 4283">
     <span class='ocr_line' id='line_1_35' title="bbox 344 3615 1408 3686; baseline -0.001 -17"><span class='ocrx_word' id='word_1_280' title='bbox 344 3623 354 3653; x_wconf 69' lang='lat'>¹</span> <span class='ocrx_word' id='word_1_281' title='bbox 371 3619 508 3669; x_wconf 79' lang='lat' dir='ltr'><strong>Proeveairs</strong></span> <span class='ocrx_word' id='word_1_282' title='bbox 524 3619 627 3682; x_wconf 75' lang='lat' dir='ltr'><strong>sepiem,</strong></span> <span class='ocrx_word' id='word_1_283' title='bbox 641 3620 754 3682; x_wconf 69' lang='grc' dir='ltr'><strong><em>οἰνοοὶοον</em></strong></span> <span class='ocrx_word' id='word_1_284' title='bbox 763 3621 843 3686; x_wconf 80' lang='lat' dir='ltr'><strong>ratas]</strong></span> <span class='ocrx_word' id='word_1_285' title='bbox 913 3624 926 3650; x_wconf 86' lang='lat'><em>¹</em></span> <span class='ocrx_word' id='word_1_286' title='bbox 938 3617 1005 3665; x_wconf 81' lang='lat' dir='ltr'><strong>Ietas</strong></span> <span class='ocrx_word' id='word_1_287' title='bbox 1010 3615 1098 3674; x_wconf 75' lang='lat' dir='ltr'><strong>semus,</strong></span> <span class='ocrx_word' id='word_1_288' title='bbox 1109 3615 1184 3679; x_wconf 79' lang='lat' dir='ltr'><strong>eadit]</strong></span> <span class='ocrx_word' id='word_1_289' title='bbox 1196 3617 1236 3665; x_wconf 83' lang='lat' dir='ltr'><strong>Ex</strong></span> <span class='ocrx_word' id='word_1_290' title='bbox 1246 3617 1361 3668; x_wconf 84' lang='lat' dir='ltr'><strong>Homero</strong></span> <span class='ocrx_word' id='word_1_291' title='bbox 1370 3625 1408 3668; x_wconf 88' lang='lat' dir='ltr'><strong>ta·</strong></span> 
     </span>
     <span class='ocr_line' id='line_1_36' title="bbox 315 3689 1408 3760; baseline 0 -16"><span class='ocrx_word' id='word_1_292' title='bbox 315 3695 352 3750; x_wconf 77' lang='lat' dir='ltr'><strong>At</strong></span> <span class='ocrx_word' id='word_1_293' title='bbox 371 3693 479 3742; x_wconf 78' lang='lat' dir='ltr'><strong>Houser.</strong></span> <span class='ocrx_word' id='word_1_294' title='bbox 501 3694 590 3745; x_wconf 81' lang='lat' dir='ltr'><strong>scribit</strong></span> <span class='ocrx_word' id='word_1_295' title='bbox 610 3693 635 3742; x_wconf 81' lang='lat' dir='ltr'><strong>irl</strong></span> <span class='ocrx_word' id='word_1_296' title='bbox 659 3700 730 3760; x_wconf 78' lang='lat' dir='ltr'><strong>sorte</strong></span> <span class='ocrx_word' id='word_1_297' title='bbox 752 3695 841 3744; x_wconf 81' lang='lat' dir='ltr'><strong>Paridi</strong></span> <span class='ocrx_word' id='word_1_298' title='bbox 882 3706 941 3742; x_wconf 89' lang='lat' dir='ltr'><strong>rnen</strong></span> <span class='ocrx_word' id='word_1_299' title='bbox 952 3691 1101 3740; x_wconf 78' lang='lat' dir='ltr'><strong>Alexander</strong></span> <span class='ocrx_word' id='word_1_300' title='bbox 1117 3692 1265 3742; x_wconf 80' lang='lat' dir='ltr'><strong>vulneratus</strong></span> <span class='ocrx_word' id='word_1_301' title='bbox 1277 3689 1327 3742; x_wconf 83' lang='lat' dir='ltr'><strong>no&#39;n</strong></span> <span class='ocrx_word' id='word_1_302' title='bbox 1339 3693 1408 3754; x_wconf 82' lang='lat' dir='ltr'><strong>suit3</strong></span> 
     </span>
     <span class='ocr_line' id='line_1_37' title="bbox 315 3766 1409 3832; baseline -0.003 -11"><span class='ocrx_word' id='word_1_303' title='bbox 315 3769 464 3831; x_wconf 76' lang='lat' dir='ltr'><strong>contigisse,</strong></span> <span class='ocrx_word' id='word_1_304' title='bbox 472 3775 501 3816; x_wconf 89' lang='lat' dir='ltr'><strong>ut</strong></span> <span class='ocrx_word' id='word_1_305' title='bbox 513 3768 582 3830; x_wconf 90' lang='lat' dir='ltr'><strong>prior</strong></span> <span class='ocrx_word' id='word_1_306' title='bbox 592 3767 690 3816; x_wconf 81' lang='lat' dir='ltr'><strong>basiam</strong></span> <span class='ocrx_word' id='word_1_307' title='bbox 702 3769 841 3818; x_wconf 84' lang='lat' dir='ltr'><strong>emitteret.</strong></span> <span class='ocrx_word' id='word_1_308' title='bbox 882 3767 927 3816; x_wconf 89' lang='lat' dir='ltr'><strong>sed</strong></span> <span class='ocrx_word' id='word_1_309' title='bbox 939 3781 997 3816; x_wconf 89' lang='lat' dir='ltr'><strong>eum</strong></span> <span class='ocrx_word' id='word_1_310' title='bbox 1008 3766 1143 3814; x_wconf 83' lang='lat' dir='ltr'><strong>Menelaus</strong></span> <span class='ocrx_word' id='word_1_311' title='bbox 1158 3767 1234 3829; x_wconf 75' lang='lat' dir='ltr'><strong>galea</strong></span> <span class='ocrx_word' id='word_1_312' title='bbox 1244 3769 1371 3832; x_wconf 86' lang='lat' dir='ltr'><strong>corripuit</strong></span> <span class='ocrx_word' id='word_1_313' title='bbox 1381 3776 1409 3817; x_wconf 88' lang='lat' dir='ltr'><strong>et</strong></span> 
     </span>
     <span class='ocr_line' id='line_1_38' title="bbox 308 3833 1408 3912; baseline -0.002 -19"><span class='ocrx_word' id='word_1_314' title='bbox 308 3842 423 3907; x_wconf 31' lang='lat' dir='ltr'><strong>,Kaipovs</strong></span> <span class='ocrx_word' id='word_1_315' title='bbox 431 3841 458 3889; x_wconf 74' lang='lat' dir='ltr'><strong>tv</strong></span> <span class='ocrx_word' id='word_1_316' title='bbox 467 3839 536 3912; x_wconf 67' lang='grc' dir='ltr'><strong><em>πονζῃ</em></strong></span> <span class='ocrx_word' id='word_1_317' title='bbox 544 3839 662 3905; x_wconf 70' lang='grc' dir='ltr'><strong>χαλκήρεϊ</strong></span> <span class='ocrx_word' id='word_1_318' title='bbox 671 3840 765 3891; x_wconf 62' lang='grc' dir='ltr'><strong><em>πάλλον</em></strong></span> <span class='ocrx_word' id='word_1_319' title='bbox 776 3841 842 3892; x_wconf 75' lang='grc' dir='ltr'><strong><em>ἕλον-</em></strong></span> <span class='ocrx_word' id='word_1_320' title='bbox 881 3840 1042 3906; x_wconf 75' lang='lat' dir='ltr'><strong>praefocabat</strong></span> <span class='ocrx_word' id='word_1_321' title='bbox 1052 3840 1137 3903; x_wconf 87' lang='lat' dir='ltr'><strong>ipsum</strong></span> <span class='ocrx_word' id='word_1_322' title='bbox 1147 3840 1179 3889; x_wconf 84' lang='lat' dir='ltr'><strong>ed</strong></span> <span class='ocrx_word' id='word_1_323' title='bbox 1191 3854 1219 3889; x_wconf 86' lang='lat' dir='ltr'><strong>se</strong></span> <span class='ocrx_word' id='word_1_324' title='bbox 1227 3833 1339 3903; x_wconf 74' lang='lat' dir='ltr'><strong>dueeus3</strong></span> <span class='ocrx_word' id='word_1_325' title='bbox 1351 3857 1408 3891; x_wconf 88' lang='lat' dir='ltr'><strong>euru</strong></span> 
     </span>
     <span class='ocr_line' id='line_1_39' title="bbox 315 3914 1408 3980; baseline 0 -12"><span class='ocrx_word' id='word_1_326' title='bbox 315 3935 365 3979; x_wconf 79' lang='lat' dir='ltr'><strong>res,</strong></span> <span class='ocrx_word' id='word_1_327' title='bbox 381 3914 527 3980; x_wconf 75' lang='grc' dir='ltr'><strong><em>Ὀππόπεροε</em></strong></span> <span class='ocrx_word' id='word_1_328' title='bbox 541 3914 682 3978; x_wconf 67' lang='grc' dir='ltr'><strong><em>οὺπρόοθεν</em></strong></span> <span class='ocrx_word' id='word_1_329' title='bbox 697 3916 842 3978; x_wconf 64' lang='grc' dir='ltr'><strong><em>ἄφείηχάλε</em></strong></span> <span class='ocrx_word' id='word_1_330' title='bbox 881 3917 979 3973; x_wconf 87' lang='lat' dir='ltr'><strong>Venus,</strong></span> <span class='ocrx_word' id='word_1_331' title='bbox 1002 3921 1079 3978; x_wconf 90' lang='lat' dir='ltr'><strong>rupto</strong></span> <span class='ocrx_word' id='word_1_332' title='bbox 1106 3916 1171 3980; x_wconf 90' lang='lat' dir='ltr'><strong>loro,</strong></span> <span class='ocrx_word' id='word_1_333' title='bbox 1199 3929 1257 3964; x_wconf 87' lang='lat' dir='ltr'><strong>eum</strong></span> <span class='ocrx_word' id='word_1_334' title='bbox 1285 3917 1408 3980; x_wconf 77' lang='lat' dir='ltr'><strong>abripuit.</strong></span> 
     </span>
     <span class='ocr_line' id='line_1_40' title="bbox 254 3988 1409 4056; baseline -0.006 -12"><span class='ocrx_word' id='word_1_335' title='bbox 254 4004 256 4008; x_wconf 87' lang='grc'><em>·</em></span> <span class='ocrx_word' id='word_1_336' title='bbox 316 4011 370 4044; x_wconf 81' lang='grc' dir='ltr'><strong><em>κεον</em></strong></span> <span class='ocrx_word' id='word_1_337' title='bbox 381 3992 465 4056; x_wconf 57' lang='lat' dir='ltr'><strong>toxos.</strong></span> <span class='ocrx_word' id='word_1_338' title='bbox 488 3988 769 4053; x_wconf 72' lang='grc' dir='ltr'><strong>Ετ,11άριοεδὲθοῶςὲκ</strong></span> <span class='ocrx_word' id='word_1_339' title='bbox 783 3994 842 4050; x_wconf 69' lang='lat' dir='ltr'><strong>aad·</strong></span> <span class='ocrx_word' id='word_1_340' title='bbox 880 3993 932 4043; x_wconf 77' lang='lat' dir='ltr'><strong>Sed</strong></span> <span class='ocrx_word' id='word_1_341' title='bbox 945 3993 1042 4042; x_wconf 90' lang='lat' dir='ltr'><strong>Noster</strong></span> <span class='ocrx_word' id='word_1_342' title='bbox 1052 3990 1171 4055; x_wconf 79' lang='lat' dir='ltr'><strong>quadam</strong></span> <span class='ocrx_word' id='word_1_343' title='bbox 1188 3989 1342 4054; x_wconf 83' lang='lat' dir='ltr'><strong>immutavit,</strong></span> <span class='ocrx_word' id='word_1_344' title='bbox 1350 3993 1409 4041; x_wconf 85' lang='lat' dir='ltr'><strong>slis.</strong></span> 
     </span>
     <span class='ocr_line' id='line_1_41' title="bbox 317 4065 1407 4135; baseline -0.003 -14"><span class='ocrx_word' id='word_1_345' title='bbox 317 4089 356 4135; x_wconf 80' lang='lat' dir='ltr'><strong>pos</strong></span> <span class='ocrx_word' id='word_1_346' title='bbox 373 4070 477 4133; x_wconf 70' lang='grc' dir='ltr'><strong><em>ὄρουσεν.</em></strong></span> <span class='ocrx_word' id='word_1_347' title='bbox 508 4069 617 4118; x_wconf 81' lang='lat' dir='ltr'><strong>‘Sortes</strong></span> <span class='ocrx_word' id='word_1_348' title='bbox 636 4068 662 4117; x_wconf 92' lang='lat' dir='ltr'><strong>ln</strong></span> <span class='ocrx_word' id='word_1_349' title='bbox 683 4069 758 4131; x_wconf 81' lang='lat' dir='ltr'><strong>galea</strong></span> <span class='ocrx_word' id='word_1_350' title='bbox 773 4083 842 4118; x_wconf 74' lang='lat' dir='ltr'><strong>seres</strong></span> <span class='ocrx_word' id='word_1_351' title='bbox 881 4083 931 4133; x_wconf 84' lang='lat' dir='ltr'><strong>que</strong></span> <span class='ocrx_word' id='word_1_352' title='bbox 949 4066 1086 4131; x_wconf 73' lang='lat' dir='ltr'><strong>preteriit,</strong></span> <span class='ocrx_word' id='word_1_353' title='bbox 1105 4079 1161 4131; x_wconf 76' lang='lat' dir='ltr'><strong>qum</strong></span> <span class='ocrx_word' id='word_1_354' title='bbox 1180 4065 1242 4116; x_wconf 79' lang='lat' dir='ltr'><strong>terri</strong></span> <span class='ocrx_word' id='word_1_355' title='bbox 1263 4081 1314 4118; x_wconf 89' lang='lat' dir='ltr'><strong>uon</strong></span> <span class='ocrx_word' id='word_1_356' title='bbox 1334 4082 1407 4134; x_wconf 86' lang='lat' dir='ltr'><strong>posse</strong></span> 
     </span>
     <span class='ocr_line' id='line_1_42' title="bbox 317 4135 1405 4210; baseline -0.006 -14"><span class='ocrx_word' id='word_1_357' title='bbox 317 4147 491 4210; x_wconf 82' lang='lat' dir='ltr'><strong>conjecerunt,</strong></span> <span class='ocrx_word' id='word_1_358' title='bbox 502 4144 605 4194; x_wconf 84' lang='lat' dir='ltr'><strong>ducturi</strong></span> <span class='ocrx_word' id='word_1_359' title='bbox 614 4145 680 4195; x_wconf 91' lang='lat' dir='ltr'><strong>Uter</strong></span> <span class='ocrx_word' id='word_1_360' title='bbox 689 4144 760 4207; x_wconf 91' lang='lat' dir='ltr'><strong>prior</strong></span> <span class='ocrx_word' id='word_1_361' title='bbox 768 4144 847 4194; x_wconf 88' lang='lat' dir='ltr'><strong>emit-&#39;</strong></span> <span class='ocrx_word' id='word_1_362' title='bbox 881 4143 993 4209; x_wconf 82' lang='lat' dir='ltr'><strong>putavit.</strong></span> <span class='ocrx_word' id='word_1_363' title='bbox 1402 4135 1405 4140; x_wconf 69' lang='grc'>’</span> 
     </span>
     <span class='ocr_line' id='line_1_43' title="bbox 316 4219 841 4283; baseline -0.002 -13"><span class='ocrx_word' id='word_1_364' title='bbox 316 4229 386 4279; x_wconf 78' lang='lat' dir='ltr'><strong>teret</strong></span> <span class='ocrx_word' id='word_1_365' title='bbox 398 4235 490 4276; x_wconf 78' lang='lat' dir='ltr'><strong>aeream</strong></span> <span class='ocrx_word' id='word_1_366' title='bbox 506 4219 624 4271; x_wconf 61' lang='lat' dir='ltr'><strong>bustam?</strong></span> <span class='ocrx_word' id='word_1_367' title='bbox 656 4219 700 4283; x_wconf 84' lang='lat' dir='ltr'><strong>Et,</strong></span> <span class='ocrx_word' id='word_1_368' title='bbox 715 4219 841 4270; x_wconf 73' lang='lat' dir='ltr'><strong>‘Paridis</strong></span> 
     </span>
    </p>
   </div>
   <div class='ocr_carea' id='block_1_7' title="bbox 0 0 1610 4948">
    <p class='ocr_par' dir='ltr' id='par_1_8' title="bbox 0 0 1610 4948">
     <span class='ocr_line' id='line_1_44' title="bbox 0 0 1610 4948; baseline 0 0"><span class='ocrx_word' id='word_1_369' title='bbox 0 0 1610 4948; x_wconf 95' lang='lat' dir='ltr'><strong> </strong></span> 
     </span>
    </p>
   </div>
  </div>
 </body>
</html>
