3152 4950
450 375 499 422 uu
521 373 642 423 sunno
665 375 835 424 'rnorsno
860 378 934 427 niu.
957 379 991 426 v.
1194 367 1259 434 257

169 514 292 596 tigerat
306 501 467 598 praedam,
483 523 544 582 aut
559 531 605 582 ex
624 517 779 600 captivis,
794 524 954 602 quantum
976 539 1037 603 pro
1058 522 1177 589 meritc
1191 525 1260 590 dis·

168 617 385 694 tribuebatur,
410 616 567 682 habuere.
608 615 696 701 [ia]
719 617 857 684 Interim
881 633 983 704 snper
1004 621 1183 690 Palladiol
1206 627 1258 690 in·

167 735 248 798 gens
263 722 430 782 certamen
443 718 529 784 inter
544 737 581 784 se
595 719 736 784 ducibus
749 726 912 800 exortum,
923 719 1033 805 Ajace
1042 723 1257 792 Telamonis⁶

166 817 400 900 expostulante
414 819 450 884 iu
465 839 583 886 uranus
597 820 673 900 sibi,
687 820 819 904 probis
834 839 911 905 quse
923 823 957 886 in
968 823 1116 906 singulos
1126 827 1256 894 nuirem
1329 873 1335 886 .

167 935 291 1001 sosque
306 919 427 984 virtute
449 927 553 1004 atque
574 920 739 986 industria
752 939 815 986 sua
828 923 1026 988 contulerat.
1063 925 1186 1004 'Quare
1200 945 1257 992 cce

166 1018 236 1082 acti
251 1025 343 1100 psen'e
357 1039 482 1100 omues,
497 1021 599 1086 simul
612 1023 663 1086 uti
683 1041 725 1086 ue
747 1022 921 1088 laederetur
936 1025 1069 1090 enimus
1085 1029 1167 1092 tanti
1180 1029 1256 1108 riri,

164 1119 263 1203 eujus
277 1122 440 1203 praeclsss
458 1123 609 1188 facinora
623 1123 819 1207 rigdllasque
835 1143 897 1207 pro
910 1127 1066 1192 exercitu
1088 1128 1123 1192 in
1144 1131 1256 1196 auimo

163 1220 365 1301 retinebant,
389 1224 575 1290 concedunt
595 1223 709 1307 Ajaci,
731 1225 976 1290 renitentibus⁷
999 1227 1089 1292 selis*
1109 1230 1255 1296 omnium

163 1319 332 1386 Diomede
356 1328 459 1406 atque
485 1323 633 1408 Illysse:
655 1343 718 1388 sna
731 1325 860 1408 quippe
882 1325 1009 1408 npera⁸
1030 1325 1066 1390 id
1087 1328 1254 1396 ablatum:

163 1428 284 1486 contra
301 1420 390 1504 Ajax
412 1423 582 1501 offirmare
602 1443 667 1488 uon
690 1424 805 1488 labore
826 1430 883 1490 aut
905 1426 1029 1492 virtute
1052 1448 1167 1494 eornm
1186 1450 1254 1496 rens

161 1528 315 1602 gestumr
350 1521 552 1590 Antenorem
580 1543 723 1608 namque
752 1527 1035 1610 contemplatione
1072 1534 1254 1598 communis

161 1623 321 1690 amicitie
334 1626 528 1690 abstulisse.
581 1625 667 1689 Tum
685 1619 866 1690 Diomedes
881 1625 1001 1692 honeri
1016 1627 1090 1712 ejus
1114 1650 1173 1714 per
1196 1652 1255 1698 ve·

161 1725 354 1790 recundiam
371 1727 573 1804 concedens,
586 1745 608 1789 a
621 1725 800 1790 certamine
815 1725 953 1791 destitit.
990 1727 1099 1810 Igitur
1114 1729 1254 1814 Ulysses

160 1842 240 1888 cnm
255 1825 362 1909 AJace
377 1845 506 1891 summa
518 1827 553 1892 vi
564 1825 763 1890 contendere
777 1825 860 1889 inter
872 1841 919 1902 se,
932 1832 1032 1910 atque
1047 1830 1190 1896 invicem
1204 1833 1253 1895 in·

161 1926 299 1992 dustriee
312 1929 437 1994 meritis
451 1928 677 2012 expostulare,
700 1925 926 1992 annitentibus
951 1927 1071 2010 Ulyssi
1095 1928 1253 1996 Menelao

161 2035 264 2110 atque
280 2025 538 2110 Agamemnone,
555 2027 600 2090 ob
617 2032 783 2091 servatum
800 2025 905 2108 paulo
930 2034 1009 2091 ente
1032 2047 1133 2112 opera
1153 2031 1253 2113 ejus⁹

160 2127 337 2193 Helenam.
381 2127 538 2210 Namque
554 2131 632 2210 post
643 2131 779 2210 captum
794 2126 914 2190 Ilium*
934 2126 1039 2211 AJax,
1054 2130 1252 2197 recordatus

158 2245 274 2292 eurum
290 2246 367 2312 qnae
379 2227 484 2294 tantis
499 2227 755 2310 tempestatibus
769 2233 906 2312 propter
918 2229 1085 2292 mulierem
1100 2234 1252 2314 perpessi

158 2328 356 2413 expertique
370 2337 491 2406 essent,
510 2328 636 2411 primus
659 2327 806 2393 omnium
828 2327 970 2392 interfici
993 2347 1068 2394 eam
1086 2329 1251 2413 jusserat:

153 2427 291 2512 jamque
306 2425 569 2511 approbantibus
584 2420 758 2490 consilinm
775 2425 895 2511 Ajacis
915 2425 1026 2492 multis
1040 2425 1150 2506 bonis,
1175 2427 1251 2494 Me-

157 2528 287 2606 nelaus,
303 2549 448 2599 amorem
463 2528 729 2612 conjugiietiam
745 2532 821 2592 tunc
836 2529 991 2606 retinens,
1014 2530 1164 2610 singulos
1180 2549 1251 2594 arn·

156 2628 279 2692 biendo
295 2629 488 2714 orandoque
504 2628 546 2693 ad
559 2633 763 2712 postremum
785 2627 981 2710 perfecerat,
1003 2629 1052 2693 nti
1066 2629 1251 2694 intercessu

158 2725 293 2811 Ulyssis
319 2731 454 2795 Helena
468 2729 647 2794 incolumis
663 2728 731 2793 sibi
752 2727 944 2792 traderetur.
991 2727 1112 2811 ltaque
1127 2729 1249 2794 veluti¹

151 2829 285 2912 judicio
302 2833 474 2896 amborum
489 2831 607 2894 merita
617 2837 631 2865 ⁸
652 2833 857 2911 spectantes,
873 2829 949 2910 quis
964 2829 1065 2894 etiam
1079 2847 1166 2895 nunc
1180 2830 1251 2895 bel·

154 3127 264 3174 rsus-s
279 3123 370 3186 Delph·
381 3132 535 3188 prowm-5
553 3123 691 3174 Omittitm·
702 3123 794 3172 vocula
811 3121 847 3172 s'to
866 3121 891 3170 in
910 3117 1057 3182 Delma-6
1074 3115 1168 3180 Delph.
1182 3115 1250 3166 Telu-

139 3187 291 3251 ¹stantia—l
309 3183 401 3254 betph.
418 3183 685 3242 ammirantibus-8
702 3187 768 3236 Post
784 3199 853 3249 spera
868 3183 948 3234 babet
961 3179 1249 3246 nemausiensibus.

652 3339 760 3395 narn
856 3329 861 3340 ‘

186 3441 294 3502 idum
312 3439 432 3502 Palladio]
457 3439 532 3488 ldsrn
548 3427 682 3489 suidaset¹
721 3437 861 3501 pressisse:
889 3437 911 3486 is
930 3435 998 3484 enim
1018 3432 1170 3493 scribitur.
1191 3433 1251 3500 AEo.

138 3517 299 3569 cedemus.
331 3516 427 3564 Vernrn
438 3515 682 3578 Homerus,deplso⁴
720 3514 804 3576 ipsum
815 3511 920 3560 AEneam
938 3509 971 3568 de
987 3515 1071 3558 morte
1087 3507 1251 3558 Helenaecos

155 3595 220 3650 eles,
236 3597 266 3641 et
284 3589 328 3638 slli
344 3603 432 3639 omnes
445 3589 561 3652 tradant,
574 3589 682 3652 Ajacem
720 3587 825 3648 pitense,
836 3585 882 3636 sed
897 3585 1025 3634 evenere
1042 3583 1092 3632 ulio
1108 3583 1254 3634 abductum

155 3674 185 3717 et
196 3667 316 3727 Ulyssem
332 3675 383 3715 uon
394 3663 428 3712 de
445 3662 574 3727 Palladio,
590 3662 636 3714 ssd
648 3662 682 3712 de
721 3659 819 3712 fuisses
844 3661 988 3710 ‘Exarsere
1004 3659 1077 3722 ignes
1093 3661 1187 3723 auimo,
1207 3676 1249 3708 su·

156 3739 234 3791 armis
245 3739 353 3804 Achillis
364 3737 535 3788 contendisse.
721 3736 761 3787 bit
775 3737 814 3786 ira
831 3735 966 3786 cadentem
978 3735 1075 3784 Ulcisei
1094 3737 1203 3798 patriam
1221 3743 1249 3784 et

188 3819 385 3880 ²Nurrsqsepsst
401 3812 589 3877 eupssrslllsss]
613 3813 682 3864 Nus-
722 3812 860 3862 sceleratas
889 3825 990 3860 sumere
1018 3811 1125 3874 peenas!
1162 3809 1248 3858 Item:
1262 3857 1274 3871 κ

158 3903 233 3958 qnam
253 3892 315 3942 alibi
333 3891 401 3940 istud
422 3889 544 3953 reperias.
576 3887 629 3940 ssd
642 3903 682 3938 ω·
721 3888 888 3940 ‘Extinxisse
909 3886 983 3936 nefas
1005 3892 1100 3947 tamen,
1126 3889 1154 3934 et
1180 3899 1254 3938 surn-.

155 3972 234 4031 cuum
250 3973 291 4016 set
306 3965 436 4016 oeubtnrn
454 3969 548 4014 testera
564 3964 683 4029 quedam
722 3965 785 4014 sisse
797 3962 920 4012 merentis
932 3960 1070 4010 Laudabor
1086 3973 1184 4022 poenss,
1195 3959 1252 4014 sni·¹

157 4043 263 4106 sddsrs,
287 4056 346 4106 quse
370 4039 440 4105 spnd
461 4039 559 4090 auritos
580 4045 682 4088 tanturn
723 4051 842 4102 mumque
867 4037 985 4100 explesse
1008 4033 1112 4097 juvabis
1138 4034 1249 4084 Ultricis

152 4115 253 4166 'frustra
263 4131 372 4180 quaeras.
402 4117 458 4179 Ego
474 4129 537 4166 raro
554 4114 683 4176 cristinae,
722 4112 841 4176 flamma,
852 4117 880 4162 et
890 4109 989 4160 cineres
998 4107 1105 4158 satiasse
1115 4109 1249 4158 sueorum!

157 4190 226 4241 istud
243 4203 276 4238 ex
296 4192 351 4254 ipso
365 4191 474 4254 Virgilio
494 4190 616 4242 Nostrum
637 4203 683 4239 ex·
746 4184 1247 4253 *linquenslstijadieisusstersrnsseritsl

133 4342 135 4349 Ι
191 4270 312 4334 Delpls.et
324 4271 382 4322 Ver.
395 4271 458 4321 Clus.
635 4263 705 4319 Diet.
716 4267 782 4320 Cret.
898 4299 901 4306 -
1159 4264 1183 4312 R
