3136 4948
423 401 472 450 nn
497 387 677 450 rns'ronm'
702 403 811 450 annm
835 403 1011 454 rnorem.
1226 389 1270 458 33

173 543 433 610 velimutrum.
458 567 534 628 cap.
549 547 604 610 24.
617 545 767 611 ‘Aheno
782 547 985 632 honestoque
999 534 1130 633 elapsi,’
1146 549 1268 618 Graece

174 653 224 710 τοῦ
245 654 335 710 καλοῦ
358 647 484 732 κάγαθοῦ
498 643 669 722 ἐκπεσόντες.
714 649 805 714 lhid.
822 651 1143 718 ¹‘Eundem-casum
1167 658 1269 737 atque

172 751 308 844 exitum*
325 753 500 834 utriusque
516 753 795 846 custodiendum‚’
811 753 875 818 hoo
891 762 953 830 est,
969 755 1154 820 carendum
1171 757 1268 840 ipsis,

173 853 341 935 siquidem
357 854 517 936 quioquid
533 855 577 918 ab
592 854 644 918 his
658 854 790 920 Graecis
805 857 841 919 in
859 855 1065 938 Polydorum
1087 857 1216 924 Priami
1230 857 1272 922 F.
1367 864 1370 872 “

173 954 412 1034 designaretur,
435 954 525 1018 idem
553 962 742 1020 eventurum
771 961 862 1019 esset
891 955 1062 1021 Menelao.
1106 956 1164 1023 Ita
1191 979 1270 1024 vero

173 1058 264 1138 apud
280 1056 423 1121 Graecos
439 1055 651 1133 φυλάσσεσθαι,
666 1055 873 1124 ‘custodire'
894 1062 928 1120 et
949 1061 1089 1146 ‘cavere
1100 1058 1115 1104 ’-
1131 1061 1272 1144 aliquid:

173 1159 328 1222 AElia'nus
350 1155 432 1223 Var.
452 1159 547 1223 Hist.
563 1176 587 1222 l.
602 1161 634 1224 5.
657 1159 688 1221 τὸ
703 1159 754 1240 μὲν
776 1161 836 1244 γὰρ
850 1155 949 1243 δέλεαρ
963 1158 1029 1244 οὐχ’
1042 1163 1197 1245 ὑφορᾶται,
1212 1163 1271 1224 eote

172 1261 227 1341 pir
249 1259 424 1342 φυλάττεται
446 1267 539 1339 τοῦτο,
563 1265 699 1325 ‘escam
724 1261 909 1326 nonhabet
933 1268 1140 1344 suspectam,
1164 1283 1271 1348 neque

172 1361 238 1426 sibi
254 1363 298 1427 ab
313 1383 354 1426 ca
367 1361 488 1428 cavet.'
530 1361 609 1428 Act.
623 1361 745 1446 Apost·
769 1378 857 1428 xxi.
881 1364 934 1428 25.
957 1361 1155 1445 φυλάσσεσθαι
1171 1366 1272 1440 αὐτοὺς

172 1463 204 1526 τὸ
226 1460 414 1543 εἰδωλόθυτον,
429 1466 477 1527 sal
500 1465 532 1528 σό
557 1463 642 1546 αἷμα,
656 1469 716 1530 &c.
740 1469 797 1531 ‘ut
820 1465 870 1530 illi
886 1471 1030 1530 caveant
1052 1467 1118 1530 sibi
1140 1468 1183 1531 ab
1206 1467 1271 1557 138]-

172 1572 331 1647 tanquam
353 1568 484 1630 amalo.
501 1585 584 1650 cap.
598 1566 653 1632 30.
677 1566 824 1650 ‘Virgo’
847 1567 889 1631 de
905 1566 1101 1650 Chryseida,
1117 1589 1193 1651 quae
1218 1576 1270 1634 ta-

171 1687 247 1730 men
265 1675 372 1750 nupta
388 1667 460 1752 jam
480 1669 592 1732 fuerat
615 1667 703 1750 Regi
719 1667 865 1732 Eetioni.
910 1667 1000 1732 Vide
1016 1670 1070 1734 17.
1114 1671 1182 1734 Sed
1198 1673 1271 1736 sino

172 1767 278 1832 duhio
292 1769 327 1832 in
340 1769 464 1834 Graeco
477 1770 540 1833 fuit
558 1765 649 1857 Κόρη,
666 1789 732 1852 qua
751 1789 833 1834 voce
848 1769 965 1851 Virgo,
972 1769 1072 1848 Filia,
1087 1777 1123 1834 et
1136 1770 1270 1850 Puella,

172 1871 273 1934 etiam
290 1870 420 1954 Nupta,
434 1878 579 1937 notatur.
602 1891 633 1935 o.
644 1873 698 1936 52.
714 1871 890 1955 ‘Reliquis
905 1871 1049 1936 ducibus
1063 1873 1210 1938 favorem
1221 1879 1272 1938 at·

172 1973 386 2051 tollentibus,'
411 1974 476 2038 hoc
502 1979 564 2053 est,
596 1971 741 2058 εὐφημίαν,
769 1977 878 2040 ‘hona
901 1973 1040 2052 omina,'
1070 1977 1152 2058 quia
1180 1977 1272 2059 quod

173 2071 287 2140 Graeci
309 2075 343 2138 in
365 2077 471 2140 sacris
499 2077 637 2157 εὐφημεῖν,
651 2077 716 2140 hoc
739 2076 852 2142 Latini
876 2076 1011 2140 ‘lavere
1025 2076 1168 2157 linguis'
1182 2077 1272 2142 diee-

171 2163 260 2241 bant.
306 2176 399 2241 Hinc
422 2177 551 2242 Noster
566 2164 668 2242 etiam
689 2185 788 2241 extra
814 2178 982 2242 saera-uhi
997 2179 1123 2258 reperit
1138 2176 1272 2260 εὐφημίαν

172 2279 263 2361 apud
278 2269 448 2344 auctorem
462 2299 572 2357 suum,
587 2279 620 2342 id
629 2278 779 2342 reddidit
794 2297 854 2361 per
866 2277 1058 2342 ‘favorem'
1088 2277 1179 2342 Vide
1195 2279 1271 2345 istic

172 2383 276 2445 etiam
300 2383 463 2446 illustrem
485 2380 701 2446 Obrechtum.
745 2378 845 2442 Adde
859 2379 912 2442 his
936 2378 1023 2462 pone
1039 2385 1205 2462 perpetua
1228 2401 1273 2445 ex

173 2481 371 2562 Graecismo,
388 2484 611 2565 ‘Legatorum
628 2479 849 2546 Palamedes’
866 2497 890 2543 1.
910 2481 943 2544 6.
967 2479 1184 2545 ‘Graecorum
1200 2481 1273 2548 Me-

172 2585 293 2649 nelaus
305 2583 314 2610 ’
328 2601 367 2647 11.
382 2585 435 2648 20.
459 2587 469 2620 ‘
486 2584 709 2647 Barbarorum
727 2582 879 2647 Hectore
898 2582 1159 2664 etSarpedone,
1176 2583 1271 2649 Gree-

177 2705 292 2752 corum
316 2684 490 2750 Diomede'
513 2703 552 2748 11.
574 2684 628 2748 32.
674 2683 833 2748 Similiter
858 2699 900 2745 11.
921 2681 976 2746 38.
999 2683 1052 2746 43.
1069 2686 1128 2748 &c
1173 2685 1272 2764 Tum,

175 2791 257 2873 quia
273 2789 386 2855 Graeoi
412 2789 552 2872 copulas
573 2813 604 2850 σε
627 2785 677 2848 καὶ
699 2787 765 2850 sibi
788 2787 931 2850 invicem
946 2786 1181 2868 respondentes
1202 2789 1272 2867 fere

175 2911 304 2975 semper
321 2875 500 2974 geminant,
515 2889 595 2952 ideo
609 2893 643 2980 et
660 2885 693 2951 N
695 2893 786 2978 oster
806 2887 932 2971 passim
948 2889 958 2921 ‘
967 2906 1031 2970 que
1042 2885 1093 2951 et'
1114 2889 1148 2952 iu
1159 2889 1274 2972 proxi-

173 3013 230 3058 mo
241 2992 364 3076 jungit,
381 2997 416 3056 et
436 2991 590 3076 opponit.
636 2989 695 3053 Sic
712 3006 754 3053 ιι.
769 2988 824 3053 29.
848 2996 898 3052 ter
916 3007 983 3052 uno
1005 2991 1037 3052 et
1059 2991 1154 3054 brevi
1167 2991 1200 3054 iu
1216 3010 1276 3054 ca-

173 3094 269 3178 pite:
301 3093 393 3174 ‘Qui
424 3095 468 3158 oh
489 3111 634 3156 amorem
655 3090 802 3173 captivae
823 3077 979 3154 ¹mulieris
1008 3108 1111 3174 seque
1131 3095 1272 3158 erranti

66 3273 69 3278 Ι
172 3193 321 3260 numinis
333 3197 447 3261 Deum
461 3193 643 3259 contemtui
663 3191 846 3268 habuisset,
868 3211 909 3254 ac
931 3209 1011 3255 mox
1032 3191 1177 3256 universi
1192 3211 1273 3257 exe-

175 3299 463 3364 crati-deseruere
486 3297 529 3360 oh
551 3296 652 3378 idque
676 3301 711 3358 et
738 3311 902 3357 memores
924 3291 1139 3360 Palamedis!
1182 3294 1273 3358 Dein

175 3399 352 3462 ‘Achilles
373 3399 407 3460 iu
429 3417 485 3462 ore
507 3397 654 3460 omnium
683 3396 860 3476 ipsumque
881 3399 916 3456 et
939 3391 1130 3457 Menelaum
1159 3402 1295 3478 contu·x

173 3500 287 3566 meliis
312 3497 505 3562 lacerabat?
549 3496 709 3560 Similiter
732 3511 771 3556 11.
796 3496 848 3558 42.
892 3493 1143 3578 ‘Nostrosque,
1171 3493 1274 3579 atquo

174 3605 294 3668 hostes
304 3600 325 3682 3'
347 3598 410 3672 τοὺς
423 3597 570 3686 ἡμετέρσυς
584 3621 627 3674 σε,
640 3596 688 3658 καὶ
704 3595 768 3668 τοὺς
782 3593 941 3676 πολεμίους.

220 3703 406 3788 xvnsatis
423 3721 588 3786 superque
597 3701 671 3766 haec
686 3719 729 3763 ex
738 3699 873 3764 duobus
889 3702 1016 3762 tantum
1026 3697 1122 3762 libris
1132 3699 1274 3766 collecta

177 3809 349 3872 declarant
372 3807 579 3894 quantopere
604 3803 786 3868 Graecisset
811 3806 926 3865 noster
953 3801 1139 3884 Interpresr
1156 3837 1159 3844 ,
1174 3808 1274 3885 atque

178 3909 266 3974 adeo
289 3913 391 3993 quam
416 3905 669 3990 prohabile‘sit,
692 3904 780 3989 quod
801 3905 859 3982 ait,
877 3924 931 3968 ex
957 3903 1082 3968 Graeco
1103 3903 1273 3986 Scriptdle

176 4013 263 4076 hanc
284 4011 457 4075 historiam
473 4029 510 4074 se
535 4007 684 4073 vertisse.
728 4005 859 4090 Neque,
873 4005 967 4090 rejici
990 4025 1032 4068 ea
1053 4005 1166 4080 velim,
1182 4003 1274 4087 quod

178 4113 334 4186 nonnulla
348 4133 391 4177 ex
412 4113 455 4176 iis
477 4095 576 4176 etiam
598 4110 687 4194 apud
711 4110 798 4174 alios
814 4108 937 4173 alicubi
954 4113 1130 4172 occurrant
1146 4104 1272 4172 Latina
1303 4171 1308 4178 ,

180 4217 319 4298 Linguae
335 4215 529 4298 Scriptores.
574 4211 658 4288 Nec,
671 4211 759 4274 enim
776 4211 915 4292 singulae
930 4208 1067 4294 phrases
1083 4207 1273 4290 separatim,

245 4331 366 4394 nterea
380 4331 511 4381 neom.
652 4311 720 4378 nter.
740 4327 797 4374 cnr
1187 4323 1208 4370 e
