3136 4948
267 346 311 440 78
579 389 582 396 -
706 341 794 409 uun.
816 357 929 408 surus

268 511 416 589 modum,
445 505 603 598 Ulyssem
631 513 666 574 et
695 506 902 584 Diomedem,
927 505 1052 589 quihus
1084 507 1187 596 hasce
1218 505 1361 574 insidias

268 611 460 696 presertim
476 604 653 688 sauierat',
681 593 866 674 incolumes
888 607 1052 683 evasisse,
1074 589 1200 672 doloris
1224 607 1363 699 impeti·'

270 713 510 778 eutiaiurnare
523 729 597 774 sese
618 709 826 793 praecipitem
840 701 941 772 dedit.
964 699 1154 790 Hyginus,
1176 689 1252 773 116.
1273 708 1365 772 Feb·-

270 801 304 878 et
332 817 450 895 praeter
478 809 647 889 Ovidium,
675 809 854 892 Virgilium
883 813 984 892 etque
1012 809 1187 886 Senecam,
1214 809 1362 873 breuiter

270 911 474 996 Propertius,
493 928 543 974 ιν.
559 912 591 974 1.
682 924 692 932 ·’

275 1049 280 1058 ·
325 1025 327 1034 ·
398 1009 570 1095 Nauplius
584 1012 708 1076 ultores
720 1011 784 1074 sub
800 1017 935 1075 noctem
944 1007 1107 1092 porrigit
1097 1027 1204 1099 ignes,

439 1112 483 1176 Et
497 1119 591 1177 natat
605 1105 741 1176 exuviis
756 1110 893 1176 Graecia
906 1127 1023 1193 pressa
1037 1109 1121 1172 suis.

312 1212 479 1277 Nummus
492 1218 544 1276 est
558 1212 818 1288 Buthrotiorum,
834 1201 931 1295 quem
946 1209 1102 1274 Goltzius
1118 1208 1223 1284 dedit,
1242 1205 1359 1273 Graec.

271 1327 306 1374 v.
333 1305 421 1377 Tab.
435 1313 466 1378 3.
488 1312 591 1378 Num.
607 1319 640 1378 et
661 1312 810 1376 haerente
833 1311 868 1376 Ν
870 1310 982 1380 ennio,
1002 1304 1159 1392 expedite
1182 1301 1362 1372 illustravit

271 1410 433 1496 Begerus,
448 1413 605 1497 Spioileg.
621 1415 674 1478 15.
691 1413 795 1478 Num.
811 1420 845 1478 et
858 1411 1009 1476 Troicos.
1021 1407 1076 1473 68.
1246 1421 1249 1428 ’
1353 1421 1369 1434 ··

501 1633 588 1700 XV.
630 1633 772 1700 URNA
794 1633 1131 1700 SEPULGRALIS.

570 1715 572 1722 Ι
657 1767 737 1835 Lis.
753 1784 793 1832 rr.
816 1765 905 1832 Onu.
921 1769 973 1832 15.
1084 1722 1087 1730 ¹

321 1901 331 1934 ‘
346 1895 454 1980 Igitur
475 1898 643 1964 aormctis
658 1898 805 1977 Graecis,
821 1901 911 1964 velut
922 1901 1095 1984 publicum
1109 1899 1212 1966 sunus
1226 1901 1302 1986 ejus

354 2026 358 2032 ·
407 2003 589 2062 crematum
602 2001 683 2082 igni,
698 2019 804 2065 aureo·
814 2002 952 2066 vasculo
966 2003 1130 2085 sepultum
1144 2001 1233 2066 estl·
1296 2007 1300 2011 ’

312 2112 527 2179 Οιιιινιιιιι
548 2117 885 2182 cremare'l'hebanis
900 2137 940 2182 ao
962 2107 1118 2203 Trojunis
1141 2119 1363 2201 temporibus,

268 2215 487 2281 Graecis-erat
506 2217 541 2280 iu
554 2237 646 2282 more
661 2217 820 2302 positum.
865 2217 1024 2308 Hom-ull.
1035 2243 1066 2281 a.
1080 2225 1113 2284 et
1127 2218 1163 2293 ψ.
1179 2219 1364 2302 quinimmo
1423 2273 1427 2279 .

268 2323 305 2380 et
328 2317 491 2400 postilla.
534 2317 691 2402 Thucyd.
707 2335 749 2382 ιι.
772 2326 809 2383 et
831 2319 965 2383 Lueret.
981 2336 1032 2382 vr.
1054 2319 1145 2402 apud
1162 2317 1365 2384 Kirchmen:

268 2435 358 2494 uum,
385 2413 437 2480 de
455 2417 541 2486 Fuu.
564 2417 748 2484 Romanor.
764 2435 788 2480 1.
803 2419 835 2483 1.
859 2418 921 2484 sed
941 2425 976 2483 et
997 2419 1183 2497 Romanos,
1205 2421 1272 2484 nisi
1293 2437 1361 2482 uos

155 2529 159 2532 ·
268 2510 388 2581 fallant
411 2515 541 2594 Poetae,
566 2519 707 2599 abipsa
734 2511 847 2582 Romu
869 2517 1015 2582 condita.
1062 2517 1162 2584 Ouid.
1187 2535 1238 2584 ιν.
1264 2519 1364 2582 Fast.

268 2615 346 2690 856.
368 2615 411 2680 de
437 2615 537 2680 Remi
558 2617 725 2699 exequiis,
751 2624 786 2681 et
814 2618 950 2701 quidem
971 2638 1080 2702 usque
1110 2620 1154 2684 ad
1176 2619 1364 2684 Theodosii

270 2715 458 2798 imperium.
481 2715 634 2781 Macrob.
650 2717 818 2782 saturnal.
834 2735 901 2780 vn
915 2719 948 2782 7
992 2719 1121 2829 Verum
1136 2721 1214 2786 vrde
1224 2728 1258 2786 et
1270 2720 1364 2784 Plru

211 2817 217 2828 '
271 2811 319 2879 Η.
336 2814 418 2880 Nat.
434 2832 500 2880 vn.
514 2818 568 2880 54.

312 2915 451 2982 Cineres
478 2921 598 2994 autem,
624 2924 705 3000 post
732 2918 989 2984 cremationem.
1014 2927 1049 2984 et
1062 2919 1271 3004 ossilegium
1302 2922 1363 3002 (de

270 3017 395 3100 quibus
409 3017 539 3100 prolixe
552 3016 748 3082 Kirehmuu.
762 3033 818 3082 ιιι.
838 3006 870 3083 2‘.
886 3025 920 3084 et
935 3035 990 3083 ιιι.
1004 3017 1058 3106 7.)
1076 3038 1097 3085 a
1112 3022 1267 3104 cognatis
1282 3041 1365 3086 eou-

270 3117 434 3182 debantur
462 3119 497 3180 in
518 3119 637 3196 urceis,
659 3120 762 3198 urnis,
792 3119 879 3184 ollis·
893 3127 931 3184 et
958 3121 1146 3204 amphoris:
1169 3141 1246 3206 quae
1260 3122 1369 3208 modu¹

272 3218 405 3298 fictiles,
419 3219 587 3302 (Propert.
597 3237 638 3293 ιι.
653 3217 724 3304 13.)
735 3221 835 3286 modo
845 3221 1162 3302 marmoreae,·(Dio‚
1176 3220 1249 3306 76.)
1261 3223 1364 3288 modo

271 3338 388 3397 aeneae,
413 3318 526 3404 (Virg.
550 3337 602 3383 vr.
629 3322 708 3384 AEu.
729 3319 804 3386 258.
830 3321 874 3384 de
898 3321 1021 3386 Miseni
1042 3320 1245 3406 tubicinis)
1259 3322 1362 3389 modo

271 3427 449 3502 argenteae,
471 3419 657 3505 (Ammiau.
674 3437 761 3486 xlx.
783 3423 816 3484 2.
836 3422 879 3486 de
902 3421 1110 3502 Grumbatis,
1131 3423 1364 3508 Chionitarum

269 3521 369 3601 regis,
390 3517 483 3603 filit)
504 3520 617 3600 medo,
632 3524 735 3587 veluti
749 3522 814 3600 hio,
829 3524 932 3588 etiam
954 3542 1077 3602 aureae,
1099 3522 1260 3608 (Eutrop.'
1277 3539 1358 3588 vni.

271 3619 315 3682 de
334 3617 473 3701 Tuajaui
494 3622 573 3704 imp.
600 3622 768 3687 Plutarolr.
789 3624 992 3713 inDemetr.
1004 3625 1055 3690 de
1069 3625 1363 3708 'Demetrii-regis.

272 3715 577 3795 Moschus,rv.ld;
594 3719 1032 3804 Homeruslliaddeta.)
1088 3761 1091 3766 -
1157 3753 1161 3760 ·
1205 3759 1223 3814 g
1356 3751 1360 3764 ·

314 3818 453 3884 Interim
474 3819 547 3884 haec
568 3837 663 3898 urna,
685 3821 797 3904 junta⁴
809 3823 1010 3890 assidentem
1030 3826 1104 3891 sive
1126 3833 1276 3900 matrem,
1290 3825 1364 3890 sive

273 3939 433 4000 sororem,
458 3923 531 3986 sive
553 3920 745 4005 conjugem,-
764 3925 944 3990 ex=·iuoisa
966 3925 1137 4007 Gemmas
1150 3945 1249 4010 quam
1263 3926 1363 3992 nohis

273 4021 432 4100 exhibet,
446 4021 548 4086 Thes.
563 4021 746 4104 ,larandon
773 4043 797 4088 ι.
829 4027 903 4090 140.
932 4025 1057 4109 pluries
1083 4029 1231 4112 prolutus
1261 4028 1363 4096 haur.

272 4119 430 4202 lisgerus,
445 4121 647 4190 eruditorum
657 4125 820 4191 encomiis
832 4126 1060 4210 dignissimus.
1124 4189 1129 4198 ,
1356 4163 1361 4168 -
