3136 4948
287 383 333 451 oo
542 395 624 448 suo.
647 394 840 447 sentuoso
866 353 1122 448 utssunuuuto¹

289 546 356 616 sibi
370 550 514 635 mihique
527 547 706 634 perniciem
728 547 909 616 moehiueti
924 541 1023 614 suut'
1064 547 1175 615 Solito
1188 547 1390 632 syntaxeos

289 649 442 736 anologio
455 652 620 735 postulet,
635 657 670 716 ut
685 649 852 717 scribatur
865 649 932 727 hle,
948 648 1136 734 ‘gestient'

332 769 391 818 m.
411 753 467 818 25.
488 753 667 837 ‘Namque
688 754 722 818 hi
742 751 875 836 (trenes
896 749 1056 836 Helenae)
1077 753 1226 818 oxeoruti
1247 751 1383 818 sueinus

289 855 375 939 ejus,
388 873 429 919 ne
442 855 478 919 in
492 855 647 920 militium
668 855 804 939 quidem
818 855 995 920 nobiseum
1010 853 1275 938 eonJuravemnt,
1289 853 1385 918 soili-

287 963 512 1040 estnequam
528 955 643 1022 audire
653 955 1047 1036 incolumem‘nollentoi
1063 974 1123 1040 per
1134 973 1172 1019 se
1185 949 1330 1020 reditum
1347 957 1385 1020 in

287 1057 431 1141 petriam
455 1059 666 1142 quaererent?
711 1057 836 1137 Nemo,
860 1057 993 1142 opinor,
1017 1055 1165 1138 negabit,
1193 1055 1252 1138 qui
1280 1057 1384 1123 modo

286 1161 429 1224 animum
460 1159 611 1225 attendet
641 1159 684 1224 ed
712 1159 782 1224 looi
799 1177 932 1235 nexum,
958 1166 994 1222 et
1021 1155 1212 1235 ‘reditum,'
1237 1155 1281 1221 de
1310 1173 1384 1242 quo

287 1260 404 1340 egitur,
431 1259 512 1342 quio
540 1266 574 1325 et
596 1260 631 1324 in
656 1259 826 1344 primibus
843 1258 1083 1325 restituendum
1104 1258 1161 1343 sit,
1183 1252 1310 1324 ‘redire
1330 1261 1384 1324 in·

288 1358 363 1424 00¹0,
970 1377 973 1382 .

293 1491 295 1496 ·
331 1475 382 1524 ιν.
403 1459 458 1526 12.
478 1461 594 1526 ‘Dein
615 1461 789 1546 plurimos,
804 1461 854 1527 nti
876 1475 1041 1546 quemque
1055 1459 1140 1525 intro
1154 1460 1268 1539 tolum,
1282 1459 1385 1541 forit,’

286 1561 427 1639 scilieet,
455 1561 645 1628 ‘habebat’
689 1561 759 1626 Sed
779 1562 894 1630 durior
913 1567 965 1626 est
984 1561 1058 1626 liaeo
1079 1561 1219 1645 ellipsis,
1236 1559 1280 1626 'et
1302 1561 1384 1628 ideo

287 1660 418 1726 videtur
438 1661 626 1745 legendum,
650 1662 726 1727 ‘uti
740 1659 911 1754 quisque!
953 1661 1013 1726 Sio
1030 1677 1071 1727 11.
1096 1661 1130 1726 2.
1150 1662 1222 1727 ‘oti
1237 1661 1385 1746 quisquo

286 1759 322 1823 iu
344 1754 463 1826 nonus
489 1759 663 1831 venerut·:'
682 1763 736 1830 vel
765 1767 1057 1847 tunumquemque
1070 1763 1159 1828 intuo
1172 1761 1293 1842 telum}
1315 1764 1386 1828 soi·

286 1857 366 1928 lieet
387 1863 633 1930 ‘existentem'
713 1881 715 1886 ·
1228 1889 1233 1896 ·

292 1991 298 2000 -
330 1977 383 2028 ιν.
402 1963 453 2029 18.
483 1964 559 2030 ‘De
592 1965 690 2050 eujus
719 1965 856 2030 oreeolo
882 1963 1090 2030 inminentia
1110 1962 1269 2058 'l'roJ'snis
1292 1965 1385 2030 mulo

286 2081 364 2128 oum
379 2067 602 2148 cognovisset,
617 2067 703 2132 ultro
718 2065 907 2150 supplicem
927 2063 973 2130 ud
983 2083 1057 2130 veos
1078 2063 1272 2130 decurrere!
1313 2063 1385 2130 Re·

285 2158 350 2228 lert
363 2166 477 2249 priore
500 2168 573 2234 lineo
586 2167 688 2233 Anus
711 2167 754 2232 sd
776 2172 912 2232 ‘senem
928 2165 1120 2251 potentem:
1133 2165 1198 2231 hoe
1224 2171 1288 2245 est,
1310 2165 1384 2230 An-

285 2263 413 2345 chisen,
426 2271 461 2333 et
480 2267 554 2352 ejus
568 2261 675 2334 filium
690 2268 855 2349 AEneem3
875 2269 1065 2352 posteriora
1083 2267 1320 2333 nescientium
1336 2267 1395 2342 oti

286 2363 428 2433 AEneom
452 2385 599 2453 quoque,
615 2385 660 2436 on
685 2369 729 2435 od
755 2368 940 2434 Helenum.
983 2367 1051 2432 Sed
1074 2368 1298 2434 certissimum
1319 2375 1383 2448 est,

285 2469 455 2533 excidisse
478 2477 556 2534 onte
584 2471 659 2536 hese
672 2471 777 2536 verbo
805 2470 946 2554 aliquid,
968 2475 1003 2534 et
1023 2469 1223 2535 mentionem
1246 2470 1383 2554 quidem

285 2561 468 2652 Apollinis,
482 2584 523 2633 es
537 2583 617 2634 vero
632 2563 751 2634 deinde
772 2571 904 2635 Heleno
930 2575 1057 2636 tontum
1078 2571 1305 2652 intelligendo,
1321 2573 1383 2656 qui

285 2687 341 2734 ex.
354 2673 365 2703 ‘
379 2661 534 2734 oreoolo'
548 2663 732 2753 Apollinis,
751 2671 849 2755 eujus
864 2669 945 2738 'etot
966 2677 1072 2750 vetes,
1095 2671 1207 2738 ‘mole
1220 2669 1383 2757 Troianis

211 2829 213 2838 .
285 2770 496 2836 imminentia
516 2769 740 2854 cognoverat:
761 2779 796 2838 et
818 2769 896 2838 ideo
917 2771 1021 2837 ‘ultro
1043 2771 1088 2838 od
1111 2771 1251 2838 Grteoos
1265 2773 1383 2840 deonn-

285 2869 405 2938 tebet?
1105 2915 1108 2920 ,

244 3011 248 3018 -
329 2971 548 3040 v1.1o.‘Ut
575 2993 685 3040 sermo
712 2975 879 3042 hominum
908 2974 1095 3040 terebatur?
1138 2973 1303 3058 Ingenuo,
1326 2977 1384 3043 vel

278 3061 415 3158 ‘serebat
458 3073 516 3140 Sio
529 3075 603 3143 Liv.
620 3091 648 3142 1.
665 3078 722 3146 to.
743 3072 951 3144 ‘'Fomniert
972 3075 1008 3142 id
1030 3075 1268 3143 esseleetum:
1304 3075 1381 3146 cte.

285 3171 353 3238 off.
371 3187 428 3239 m.
448 3175 481 3242 9.
507 3173 675 3243 ‘AEneom
689 3195 825 3263 equum,
838 3181 876 3242 nt
893 3175 1000 3243 ierunt
1020 3175 1159 3257 inbuite,
1172 3175 1383 3246 animadver-

252 3270 262 3325 “-
283 3269 345 3338 tit?
365 3275 478 3344 ''Fom.
494 3293 520 3343 1.
535 3278 568 3344 9.
591 3283 602 3316 ‘
613 3287 651 3346 ut
665 3298 741 3346 meo
751 3280 866 3365 opinio
876 3276 967 3344 lert?
1008 3277 1085 3358 Vel,
1100 3275 1295 3346 ‘nemone’
1324 3279 1383 3348 Its

284 3375 360 3443 inv.
377 3379 404 3443 ι.
418 3373 472 3444 42.
494 3377 567 3446 ‘Ut
580 3382 704 3466 posteri
728 3375 818 3448 lemn
839 3377 964 3447 ferrent
984 3379 1190 3447 conditorem
1205 3371 1383 3473 Servium.¹

283 3477 365 3544 Soli.
381 3479 458 3547 Cot.
472 3481 505 3548 8.
528 3481 619 3548 'Res
633 3481 889 3551 Atheniensium
910 3476 1082 3566 eliquanto
1102 3480 1248 3548 minores
1272 3482 1381 3566 luere,

285 3581 675 3661 quemlemoleruntur?
1084 3593 1117 3608 ““

328 3691 393 3742 xn.
417 3679 539 3765 Neque
552 3693 631 3750 vero
644 3687 762 3752 mirum
775 3685 850 3752 heee
866 3689 903 3751 et
917 3679 1041 3750 s‘imltio
1054 3681 1234 3748 olibre'riis
1248 3682 1380 3768 possim
1484 3661 1487 3664 ¹
1562 3741 1563 3748 ,

284 3778 415 3858 vitiato,
430 3799 508 3846 oum
521 3783 621 3849 etium
635 3785 698 3851 viri
712 3777 910 3865 doctissimi,
925 3785 982 3868 qui
996 3790 1093 3850 notes
1112 3783 1148 3848 in
1158 3783 1248 3864 hune
1259 3792 1383 3851 αυοῐο-

283 3897 352 3945 rem
368 3881 542 3965 scripsere,
557 3886 664 3952 molto
678 3886 892 3952 Iotioissime
913 3885 1005 3950 dieto
1025 3891 1152 3950 temeto
1172 3901 1313 3968 prorsus
1323 3905 1382 3952 so-

282 3979 491 4050 licitaveiint.
536 3983 665 4070 Magno
686 4005 801 4054 eorum
824 4005 919 4070 seges
933 4003 979 4062 ex
998 3984 1051 4051 cl.
1067 3983 1241 4068 Viudiugii
1254 3985 1382 4054 notuit·

284 4083 398 4166 oolligl
427 4091 557 4169 posset,
583 4087 649 4156 nisi
681 4090 753 4176 jam
782 4087 959 4156 absolvere
975 4084 978 4090 ’
993 4083 1081 4152 huno
1109 4083 1381 4154 dissertationem

283 4183 413 4250 unimus
427 4185 535 4255 ferret.
579 4189 906 4275 Speoiministomen
919 4177 1180 4272 iocosequentii
1193 4185 1291 4263 hebo
