3178 4948
739 377 827 425 LUD·
850 369 962 424 SMlDS

650 625 792 692 xxx.
829 589 1073 694 unussas.

683 792 762 858 Lm.
779 809 830 856 vr.
852 793 940 860 Car.
955 793 1008 858 16.

345 955 356 986 ‘
372 954 528 1040 Ulysses,
542 957 731 1022 vulneratus
747 959 790 1023 ab
812 979 864 1038 eo,
888 979 987 1042 quem
1001 955 1135 1023 minime
1149 957 1349 1039 crediderat,
1375 1041 1381 1064 .

611 1057 722 1122 triduo
737 1063 964 1144 postmortem
979 1057 1087 1123 obiit'

293 1263 301 1278 ,
342 1202 518 1272 Unrssns
543 1223 604 1270 rex
625 1205 757 1275 Ithacae
778 1207 1027 1289 insularumque
1052 1205 1277 1284 finitimarum,
1301 1205 1395 1276 filius

299 1301 435 1368 Ladrtae
447 1312 482 1370 at
497 1304 673 1385 Anticleae,
685 1307 813 1391 conjux
827 1307 1030 1390 Penelopes,
1046 1311 1144 1388 pater
1157 1304 1362 1379 Telemachi.

343 1401 430 1470 Sunt
444 1411 557 1470 tamen
571 1407 663 1490 quie
683 1407 830 1491 Sisypho
851 1407 975 1472 malunt
996 1411 1216 1494 conceptum
1236 1423 1355 1488 nempe
1371 1423 1394 1472 a

299 1521 368 1586 quo
382 1501 550 1582 Anticlea,
574 1525 651 1572 curn
673 1508 848 1594 duceretur
861 1507 906 1574 ad
920 1505 1056 1572 Ladrtae
1071 1506 1222 1588 nuptias,
1235 1506 1303 1572 rim
1317 1505 1394 1572 sue-

298 1611 353 1666 rat
366 1623 480 1686 passa.
525 1605 687 1671 Videntur
696 1607 798 1672 Ovid.
808 1624 896 1672 xrrr.
910 1605 1049 1671 Metam.
1064 1606 1118 1671 31.

341 1702 424 1768 Erat
445 1713 561 1770 antem
586 1708 636 1772 vir
650 1709 782 1791 pollens
796 1707 968 1784 facundia,
993 1705 1153 1788 praeditus
1168 1705 1394 1790 experientia,

299 1802 392 1868 vafer
405 1806 557 1885 consilio,
567 1809 719 1890 egregius
731 1807 832 1884 bello,
847 1807 983 1892 patiens
998 1806 1161 1870 laborum.
1205 1805 1306 1870 Unde
1319 1807 1396 1889 pel-

270 1898 273 1903 ’
298 1903 358 1966 lax
378 1903 533 1986 Virgilio,
555 1923 595 1968 rr.
609 1907 742 1972 AEneid.
765 1909 822 1972 90.
846 1908 972 1990 duplex
996 1905 1152 1982 Horatio,
1169 1921 1194 1968 1.
1220 1904 1285 1969 0d.
1301 1906 1335 1970 6.
1356 1908 1393 1970 7.

299 2002 415 2066 varius
438 2003 559 2082 Statio,
576 2023 617 2068 ιι.
640 2003 825 2071 Achilleid.
848 2008 903 2070 17.
924 2005 1033 2070 fallax
1057 2005 1193 2084 Ouidio,
1209 2020 1297 2068 xrrr.
1321 2005 1397 2069 Me·

300 2107 379 2164 tant.
394 2103 470 2168 713.
485 2105 599 2170 audax
614 2105 762 2183 Tibullo,
780 2121 830 2168 rv.
844 2094 878 2169 1'.
893 2106 976 2187 eleg.
991 2105 1035 2170 ad
1051 2103 1249 2168 Messalam.

197 2197 202 2204 ’
340 2200 455 2284 Hujus
469 2206 601 2286 egregia
615 2205 658 2270 ad
679 2205 818 2288 Trojam
832 2205 975 2270 consilia
989 2211 1023 2268 et
1041 2204 1235 2281 certamina,
1249 2203 1393 2284 denique

298 2305 334 2364 et
348 2307 428 2384 post
437 2321 586 2368 eversam
600 2306 715 2370 urbem
724 2323 852 2370 encres
862 2307 939 2390 ejus
953 2305 1158 2388 multiplices
1170 2304 1302 2386 longius
1316 2323 1396 2386 pro·

298 2410 484 2483 sequuntur
508 2404 686 2482 Homerus,
701 2407 737 2468 in
763 2405 806 2472 Il.
822 2412 855 2470 et
882 2405 1006 2488 Odyss.
1028 2404 1184 2483 Ovidius,
1201 2420 1272 2468 xrr.
1299 2419 1391 2477 xtrr,

298 2506 401 2583 atque
418 2517 499 2566 xrv.
516 2503 658 2570 Metam.
670 2506 862 2570 etstrictim
876 2506 1048 2582 Tibullus,
1062 2521 1110 2569 rv.
1124 2507 1154 2568 1.

298 2643 303 2653 -
340 2599 397 2663 An
416 2607 526 2664 tamen
551 2619 710 2668 oceanum
731 2603 915 2680 intraverit,
937 2609 972 2667 et
996 2610 1094 2668 entm
1118 2603 1210 2667 orbis
1233 2609 1394 2674 terrarum

297 2699 457 2780 antiquos
483 2701 605 2766 limites
635 2705 791 2768 erraverit
823 2704 978 2788 Ulysses,
1004 2703 1128 2785 grande
1156 2708 1208 2768 ost
1243 2703 1395 2772 dubium.

298 2797 525 2863 Consulantur
549 2801 679 2882 Strabo,
697 2820 720 2866 ι.
736 2804 860 2887 Polyb.
875 2804 1015 2882 Seneca,
1029 2803 1082 2869 88.
1097 2803 1204 2886 Epist.
1219 2805 1393 2880 suchans,

298 2897 448 2961 Sermon.
464 2899 499 2961 in
515 2900 631 2965 Bionis
652 2904 792 2970 monito.
1128 2960 1131 2970 .

341 2995 430 3060 Haec
444 3007 558 3063 nostra
573 2999 711 3084 Ulyssis
736 3005 867 3086 pictura
883 3005 1036 3074 desumto
1050 3021 1094 3070 ex
1113 3002 1243 3068 Abruh.
1261 3001 1393 3070 Gorlaei

298 3094 544 3182 Dactyliothec.
557 3101 636 3166 edit.
650 3105 767 3186 primae
782 3105 858 3170 176.
869 3104 1026 3170 Gemma.
1083 3179 1086 3186 Ι

532 3353 534 3358 ·
620 3325 844 3404 TABULA
872 3325 1064 3401 SEXTA.

597 3503 752 3570 xxxi.
796 3467 1090 3570 nnocoo'ru.
1183 3571 1186 3580 ,

692 3653 771 3758 ΙΛΒ.
788 3671 822 3718 v.
845 3653 934 3719 Gar.
948 3651 1002 3718 ll.

296 3802 306 3844 t
318 3795 438 3879 Itaque
460 3796 630 3864 destructa
650 3777 817 3867 murorum
841 3807 947 3882 parte,
971 3819 1048 3865 cum
1070 3800 1154 3882 joco
1181 3794 1390 3886 lasciviaque
1444 3762 1448 3767 ι

336 3897 502 3974 induxere
517 3917 653 3980 equum,
672 3899 822 3965 foeminis
844 3902 930 3966 inter
948 3917 986 3966 se
1008 3907 1112 3983 alque
1137 3897 1217 3964 viris
1238 3895 1390 3964 certatim

336 3997 503 4062 attrahere
514 3997 776 4066 festinantibus’

336 4129 459 4204 INTER
480 4131 572 4197 viros
584 4139 705 4212 tannen,
720 4152 843 4216 equum
853 4131 942 4197 iutra
951 4131 1064 4194 urbem
1079 4145 1147 4192 nou
1159 4120 1390 4206 recipiendum
