3112 4950
457 365 505 413 nn
529 365 659 414 nxcrn.
681 365 807 417 raorn
831 367 980 419 ιιιιιοιι.
1192 352 1252 424 321

166 607 301 690 plurimi
316 608 538 687 vulnerantur,
553 609 685 692 plurimi
701 612 734 675 iu
749 612 919 676 curatione
930 611 1123 677 moriuntur.
1166 613 1256 697 Aga·

166 727 322 773 memnon
345 709 446 774 mittit
467 710 512 775 ad
534 711 705 776 Priamum
725 712 866 794 legatos,
891 717 930 776 ut
950 711 1102 776 inducias
1123 715 1257 796 triginta

167 807 293 872 dierum
312 809 493 891 postulent,
517 817 555 876 ut
579 812 728 877 funerare
754 819 905 878 mortuos
934 813 1058 896 possit.
1103 813 1256 879 Priamus

167 909 319 974 consulto
334 909 428 989 facit,
451 913 640 996 annuitque.
684 904 779 997 [24]
790 911 838 978 At
852 914 908 978 ubi
921 920 1053 997 tempus
1066 933 1186 998 pugnae
1200 935 1257 982 su·

165 1009 339 1092 pervenit3
361 1011 599 1078 Andromacha
613 1033 702 1077 uxor
715 1013 878 1079 Hectoris
893 1014 927 1078 iu
949 1015 1074 1080 somnis
1094 1015 1191 1094 vidit,
1213 1035 1258 1080 ne

165 1111 298 1176 Hector
311 1111 506 1196 impugnem
521 1113 739 1196 procederet:
761 1121 797 1180 et
820 1133 896 1180 cum
918 1115 962 1179 ad
984 1135 1058 1180 eum
1076 1115 1257 1191 risumse·

163 1211 274 1290 ferret,
289 1212 420 1277 Hector
440 1213 613 1278 muliebria
627 1215 730 1278 verba
744 1215 878 1282 abicit·
921 1213 1159 1282 Andromacha
1172 1237 1256 1286 mcc·

165 1319 220 1376 sta
235 1313 279 1376 ad
298 1313 469 1378 Priamum
481 1309 586 1391 misit,
601 1319 638 1377 ut
652 1313 702 1378 illi
715 1315 887 1398 prohibeat
900 1335 943 1380 na
956 1335 1000 1380 aa
1014 1315 1069 1380 die
1084 1325 1255 1400 pugnaret.

163 1413 318 1478 Priamus
328 1415 504 1491 Helenum,
516 1413 927 1496 Alexandrum,Troilum,
936 1418 1135 1496 AEneam,et
1146 1417 1256 1484 Mem·

162 1533 279 1578 nonem
300 1514 397 1596 jubet
418 1517 556 1594 accersi,
580 1523 619 1580 ut
633 1517 682 1580 illi
702 1519 737 1582 in
751 1535 896 1601 pugnam
911 1517 1101 1602 prodirent:
1124 1519 1157 1583 iu
1172 1538 1256 1604 pug-

158 1635 240 1679 nam
270 1616 372 1680 misit.
417 1615 547 1680 Hector
570 1622 606 1682 ut
628 1616 694 1682 ista
724 1619 893 1700 cognovit,
918 1619 1057 1684 multum
1080 1619 1256 1704 increpans

162 1707 444 1794 Andromacham,
460 1737 552 1781 arma
568 1723 604 1782 ut
618 1717 777 1799 proferret
788 1719 957 1801 poposcit,
969 1737 1030 1784 nec
1038 1719 1173 1798 retineri
1185 1719 1255 1790 ullo

162 1817 263 1882 modo
278 1817 400 1899 potuit.
444 1815 573 1880 Moesta
589 1814 825 1880 Andromacha
839 1817 1027 1881 summissis
1042 1817 1176 1899 capillis
1189 1816 1256 1880 ‘As-

161 1921 349 2000 tyanactem
375 1916 480 1980 filium
505 1912 729 1998 protendensd
757 1921 834 1979 ante
862 1915 964 1998 pedes
994 1915 1154 1981 Hectoris
1179 1935 1256 1982 eum

161 2027 320 2082 revocare
336 2035 404 2080 nou
414 2015 533 2098 potuit.
577 2015 675 2080 'lunc
690 2016 828 2099 planctu
841 2015 985 2080 femineo
1000 2015 1161 2098 oppidum
1176 2035 1262 2084 con*

162 2118 256 2197 citat,
278 2117 322 2182 ad
343 2117 516 2180 Priamum
537 2117 573 2179 iu
592 2115 716 2198 regiam
731 2117 845 2194 currit,
866 2116 963 2182 refert
978 2116 1060 2198 quid
1073 2117 1109 2180 in
1127 2117 1266 2182 somnis

160 2217 289 2295 viderit,
316 2223 350 2281 et
375 2215 559 2282 Hectorem
583 2215 671 2281 velle
693 2217 728 2280 in
750 2233 892 2298 pugnarn
916 2215 1059 2300 prodire,
1075 2235 1138 2280 uec
1152 2233 1255 2299 posse

160 2317 311 2402 projecto
337 2316 379 2380 ad
405 2336 514 2400 genua
538 2316 607 2386 filio
625 2333 696 2380 ¹suo
717 2317 876 2380 revocari.
920 2315 1076 2380 Priamus
1090 2332 1204 2380 omnes
1217 2316 1253 2380 in

77 2407 80 2412 ’
159 2437 306 2502 pugnam
321 2416 452 2500 prodire
460 2417 574 2499 jussit,
589 2420 624 2480 et
635 2413 815 2478 Hectorem
825 2416 969 2480 retinuit.
1013 2414 1253 2497 Agamemnon,

161 2517 357 2596 Diomedes,
372 2517 533 2592 Achilles,
548 2513 639 2598 Ajax
652 2514 797 2588 Locrus,
810 2519 846 2578 ot
860 2514 972 2579 videre
988 2513 1173 2580 Hectorem
1186 2533 1254 2580 non

159 2618 324 2702 prodisse,
336 2617 456 2681 acriter
468 2619 705 2699 pugnaverunt,
714 2614 906 2696 multosque
918 2615 1020 2678 duces
1031 2612 1253 2696 'Projranorum

160 2717 366 2784 occiderunt.
411 2717 550 2794 Hector,
563 2720 603 2780 ut
618 2714 748 2781 audivit
763 2715 939 2780 tumultum
954 2715 989 2778 in
1005 2713 1109 2791 bello,
1130 2719 1165 2778 et
1179 2715 1252 2778 sine

160 2836 198 2882 sa
212 2819 379 2904 Trojauos
393 2821 557 2896 laborare,
572 2815 720 2901 prosiliit
738 2817 773 2879 in
788 2817 924 2882 bellum.
968 2815 1156 2898 Statimque
1172 2814 1252 2878 Eic-

160 2934 256 2987 neum
285 2922 486 2999 obtruncat,⁸
514 2918 693 3003 Iphinoum
722 2913 867 2987 sauciat‘
894 2915 1076 2982 Leonteum
1102 2913 1253 2995 occidit,⁸

193 3197 209 3242 8
225 3191 305 3244 Duces
323 3191 467 3256 Delphp'
482 3190 574 3253 Adjicit
585 3191 681 3256 Delpli.
719 3253 729 3264 ν

192 3429 205 3464 θ
214 3431 382 3492 Astymedes
384 3429 468 3494 fllium
473 3427 623 3494 protendens]
633 3429 686 3478 Hie
726 3427 797 3476 tione
805 3425 925 3489 Trojano,
935 3425 1030 3476 nullior
1041 3425 1132 3480 Eional
1145 3437 1248 3489 nsquam

159 3505 248 3554 Dares
258 3503 468 3567 conjungitque
485 3504 614 3553 Homerus
629 3517 687 3552 nar·
725 3501 881 3551 mentionem
905 3501 983 3549 ullum
1007 3499 1104 3550 iactam
1124 3499 1250 3552 inveniar.

160 3579 230 3628 revit
248 3577 280 3627 ΙΙ.
295 3582 327 3626 x.
344 3583 372 3626 et
391 3578 418 3626 ἰιι
433 3578 463 3627 iia
482 3576 686 3641 etiamquaedam
726 3575 787 3624 Fuit
808 3573 912 3637 quidem
935 3575 1046 3624 litentur
1067 3572 1145 3623 itineri
1166 3582 1250 3637 pater,

159 3652 286 3702 immutat.
318 3649 447 3700 Homerus
457 3651 535 3714 enlm,
546 3651 579 3700 ll.
589 3655 616 3700 z.
633 3649 687 3700 An·
727 3649 772 3699 red
784 3650 806 3698 is
816 3647 898 3711 Troja
909 3651 960 3698 uon
971 3647 1060 3710 affirit3
1084 3655 1111 3698 et
1127 3648 1149 3698 rl
1163 3646 1249 3698 affola-

161 3723 325 3776 drcmaeham
337 3725 446 3786 inducit,
456 3739 513 3774 curn
522 3725 628 3788 parvulo
637 3723 687 3774 Aa·
726 3733 776 3788 ret,
795 3723 963 3788 'trojanorum
985 3731 1073 3788 parter
1091 3730 1195 3774 recatus
1209 3737 1249 3773 er·

162 3805 283 3863 tynnacte
293 3798 436 3848 Hectorem
447 3798 640 3861 deprecantem,
651 3813 685 3856 ne
725 3805 773 3851 sat.

161 3873 310 3938 inpugnare
322 3873 446 3937 prodiret.
469 3875 514 3936 Et,
524 3874 557 3924 ll.
567 3880 597 3926 x.
611 3874 685 3924 Prla·
757 3873 904 3938 ‘Iphinoum
913 3873 1017 3938 ramat]
1040 3873 1091 3924 Sed
1106 3873 1247 3923 Homerum

161 3962 231 3998 mum
243 3948 428 4015 Hecubaeque
439 3949 575 4014 prohibere
586 3951 685 4000 Hecto·
725 3963 782 4000 eum
793 3964 809 3998 a
820 3951 920 4000 Glauco
932 3950 1043 4000 occisum
1054 3947 1128 4012 dicit,
1136 3949 1191 4012 ipso
1203 3949 1249 3998 ini·

163 4035 217 4072 rem
234 4027 388 4084 annitentes,
406 4039 440 4076 ne
457 4026 685 4077 coutraAclrillam
725 4026 763 4076 tle
774 4025 807 4074 ll.
818 4032 848 4077 ιι.

163 4097 327 4162 procederet.
757 4107 770 4143 τ
796 4100 924 4150 demeum
943 4097 1040 4161 occidit]
1073 4101 1113 4150 Ex
1134 4100 1248 4150 Homero

195 4172 336 4222 enimn
345 4173 480 4236 obtruncet]
496 4173 687 4240 Atinexpedl·
726 4173 818 4224 funum
843 4181 904 4237 ειη
929 4175 984 4240 qut,
1004 4181 1063 4238 port
1081 4175 1247 4226 tutamentum

226 4253 316 4316 Delplr.
325 4259 350 4305 et
363 4255 422 4306 Ver.
433 4257 498 4306 clue.
628 4254 700 4305 ilict.¹
712 4250 777 4304 Cret.
787 4257 827 4318 isc.
1158 4256 1184 4304 x
