3112 4950
300 341 366 410 ³⁰6
673 355 834 406 nunnius
859 355 1017 406 eunucu

303 498 497 566 Alexandro
511 498 544 566 in
558 497 677 565 itinero
690 500 842 576 occurrit,
863 505 898 564 et
911 500 1090 568 mirabatur
1103 499 1227 581 regiam
1243 499 1385 570 classem

299 619 367 685 quo
381 598 537 675 tenderet
581 598 720 682 Utrique
734 605 941 666 occurrentes
958 605 1165 682 aspexerunt
1179 619 1216 664 se
1231 600 1386 676 invicem,

300 699 400 765 inscii
413 717 480 782 quo
494 698 633 780 quisque
647 699 721 762 iret.
766 698 886 764 Castor
907 707 942 764 et
961 698 1090 764 Pollux
1108 699 1151 764 ad
1167 699 1399 783 Clytaemnes--

300 809 386 868 tram
400 801 520 876 ierant,
534 817 652 866 secum
666 799 882 870 Hermionam
897 805 1028 882 neptem
1046 819 1141 864 suam
1164 801 1309 866 Helenae
1324 800 1390 864 fili-

299 919 354 968 am
370 899 589 966 abduxerant·
635 899 731 981 Argis
752 899 775 964 J
777 901 896 963 uuouis
910 899 1006 964 dies¹
1027 898 1132 972 festus
1157 907 1229 964 erat
1250 901 1304 964 his
1319 901 1389 964 die·

297 1002 373 1079 bus,
389 1001 511 1084 quihus
522 998 719 1064 Alexander
742 1000 799 1063 in²
822 999 967 1064 insulam
989 998 1187 1081 cytheream
1202 1001 1302 1077 venit,
1326 1002 1388 1070 ubi

299 1102 469 1168 adsunam
485 1101 625 1167 Veneris
649 1100 771 1164 Dianae
795 1099 1023 1164 sacrificavit.y
1066 1098 1116 1164 Hi
1138 1101 1198 1182 qui
1222 1101 1390 1166 ininsula

298 1209 393 1268 erant
414 1201 619 1267 mirabantur
633 1201 756 1283 reglum
771 1200 922 1278 classem,
946 1207 982 1263 et
1000 1199 1247 1281 interrogabant
1261 1200 1387 1264 abillis

297 1305 445 1388 quicum
460 1300 669 1378 Alexandro,
684 1301 743 1383 qui
764 1305 884 1377 essent,
902 1300 983 1384 quid
1000 1301 1188 1364 venisseutz
1232 1299 1387 1382 Respon-

297 1402 415 1466 derunt
428 1401 477 1466 illi
492 1420 514 1466 a
530 1400 664 1466 Priamo
686 1419 761 1482 rege
783 1401 928 1483 legatum
950 1402 1088 1466 missurn
1102 1399 1147 1464 ad
1161 1397 1338 1464 Castorem
1352 1407 1387 1465 et

299 1501 486 1580 Pollucem,
500 1508 537 1568 ut
551 1519 609 1566 eos
623 1501 819 1566 conveniret
841 1545 843 1552 -
861 1500 942 1584 [10.]
964 1499 1010 1564 At
1024 1519 1103 1564 vero
1118 1499 1251 1564 Helena
1269 1499 1388 1564 Mene-

296 1601 344 1666 lai
369 1620 468 1678 uxor,
491 1619 567 1666 cum
583 1599 774 1666 Alexander
787 1601 823 1670 iu
837 1600 948 1665 insula
962 1600 1126 1683 Cytherea
1140 1606 1252 1677 essetf
1262 1600 1389 1684 placuit

296 1702 328 1772 ei
343 1721 384 1767 eo
400 1703 459 1766 ire.
504 1701 583 1781 Qua
596 1701 639 1765 do
654 1719 758 1766 causa
772 1700 816 1764 ad
837 1701 933 1764 littus
953 1700 1130 1784 processit,
1146 1701 1204 1764 ubi
1218 1700 1341 1764 Dianae
1355 1709 1389 1766 et

300 1801 470 1886 Apollinis
484 1802 598 1866 sanum
612 1807 683 1866 est:
705 1803 774 1866 ibi³
796 1821 865 1866 rem
880 1801 1026 1865 divinam
1049 1800 1181 1864 Helena
1194 1800 1303 1872 facere
1318 1801 1388 1864 dis-

295 1909 464 1986 posuerat.
508 1900 612 1980 Quod
626 1904 685 1967 ubi
704 1903 891 1970 nuntiatum
913 1909 967 1966 est
988 1900 1195 1978 Alexandro,
1215 1900 1388 1964 Helenam

296 2001 342 2066 ad
363 2021 454 2067 mare
468 2002 614 2081 venisse,
639 2004 792 2070 conscius
808 2003 923 2068 formae
940 2020 1022 2078 suae,
1048 2002 1084 2064 iu
1108 2009 1293 2085 conspectu
1315 2003 1387 2085 ejus

295 2102 467 2166 ambulare
482 2104 596 2186 coepit,
619 2102 760 2184 cupiens
775 2121 849 2169 eam
867 2101 990 2167 videre.
1035 2101 1177 2166 Helenae
1199 2102 1387 2170 nuntiatum

294 2207 357 2278 est,
374 2200 603 2270 Alexandrum
617 2200 741 2264 Priami
754 2202 840 2282 regis
855 2200 961 2265 filium
974 2200 1019 2264 ad
1034 2200 1208 2284 oppidum,
1230 2201 1289 2264 ubi
1312 2200 1387 2264 He-

294 2301 371 2364 lena
384 2306 464 2378 erat,
478 2301 622 2402 venisse.
667 2297 775 2377 Quem
791 2301 893 2364 etiam
906 2301 983 2384 ipsa
998 2301 1111 2364 videre
1131 2301 1298 2385 cupiebat.
1342 2301 1387 2364 Et

295 2419 372 2475 cum
385 2419 422 2466 se
434 2402 563 2484 utrique
578 2402 817 2484 respexissent,
828 2401 938 2477 ambo,
951 2400 1057 2464 forma
1072 2419 1135 2465 sua
1148 2402 1289 2479 incensi,
1305 2407 1384 2466 tem·

295 2520 360 2584 pus
376 2500 534 2566 dederunt
547 2507 584 2566 ut
598 2500 724 2582 gratias
738 2501 903 2566 referrent.
946 2499 1139 2566 Alexander
1149 2503 1300 2584 imperat,
1314 2521 1385 2566 om-

294 2619 357 2666 nes
372 2609 410 2665 ut
432 2604 468 2666 in
490 2602 631 2666 navibus
648 2601 717 2664 sint
731 2603 858 2682 parati:
880 2608 979 2664 nocte
1003 2601 1144 2666 classem
1170 2601 1314 2679 solvant,
1340 2602 1383 2664 de

294 2701 375 2766 fauo
408 2701 577 2768 Helenam
606 2701 756 2783 eripiant,
791 2720 907 2765 secum
944 2720 1017 2768 eam
1053 2701 1215 2766 auferant.
1280 2701 1382 2782 signo

295 2801 373 2866 dato
406 2795 520 2864 fanum
557 2800 759 2876 invaserunt,
795 2800 960 2864 Helenam
998 2801 1192 2866 inviolatam
1228 2801 1382 2884 eripiunt,

295 2900 333 2963 iu
365 2919 485 2964 navem
507 2899 665 2976 deferunt,
696 2903 728 2961 et
759 2917 835 2962 cum
870 2917 912 2962 eu
943 2899 1100 2965 mulieres
1132 2901 1264 2988 aliquas
1278 2909 1292 2936 ⁸
1327 2900 1383 2965 de·
1465 2885 1469 2892 ¹

746 3106 927 3130 ”mov

193 3269 195 3284 ,
294 3288 310 3334 s
326 3221 475 3350 {1332}er
476 3219 576 3336 llelph.
586 3223 622 3286 in,
638 3228 666 3272 et
677 3235 737 3273 mox
746 3226 778 3274 ad
788 3229 848 3276 aute
860 3227 957 3290 sonuit,
969 3231 996 3276 et
1011 3227 1156 3278 hebetent
1170 3232 1230 3292 poet
1245 3227 1383 3278 Veneria.-

785 3396 891 3452 Now

324 3498 338 3525 ¹
354 3490 431 3553 Argia
447 3492 550 3541 Juaoais
573 3491 635 3555 dier]
663 3490 732 3541 June
751 3493 819 3542 enim
859 3508 917 3544 uem
929 3495 1139 3558 templiVeneris
1155 3493 1228 3558 tacit,
1246 3499 1275 3545 ut
1293 3501 1384 3558 postea

291 3561 667 3629 praecipueArgiscolebutur.
693 3566 819 3615 Diemau·
858 3569 980 3634 subjiciat
996 3569 1116 3620 Paridem
1134 3569 1226 3620 Dianae
1243 3568 1384 3619 sacrificas·

292 3644 347 3688 tem
362 3638 457 3688 fertum
468 3639 512 3688 lrio
523 3639 654 3701 iutelligit,
664 3654 715 3703 quo
727 3641 819 3705 Ἡραῖα,
859 3643 906 3692 sei

176 3763 179 3770 ,
291 3713 760 3773 ldest‚Juuonissacrocolebunturr
786 3716 819 3765 de
891 3715 1266 3780 *Quemquamq
1282 3716 1382 3766 Deliae

292 3788 384 3852 qulbus
394 3788 453 3836 vide
464 3787 604 3837 doctissimi
621 3789 729 3838 Meursii
746 3791 819 3840 Gren-
858 3789 970 3840 formula
987 3790 1088 3840 abunde
1106 3789 1215 3854 egimus,
1233 3789 1303 3853 apud
1322 3790 1382 3840 liic·

292 3864 358 3912 ciam
369 3861 498 3924 feriatam,
510 3863 535 3911 in
546 3877 611 3912 voce
621 3863 711 3925 ‘ripeta
808 3879 811 3888 ¹
858 3868 916 3927 tyn.

324 3937 441 3986 ’Dium
454 3935 609 4000 rocrlflmcr't]
632 3936 685 3986 Sed
704 3951 750 3986 cur
767 3946 818 3988 non
890 3945 903 3972 ⁸
918 3937 1035 3988 Mulieres
1042 3938 1143 4002 aliqum]
1160 3937 1275 3988 ramum
1287 3937 1383 4006 etclp·

292 4011 377 4071 potin·
387 4011 483 4060 veneri
493 4009 656 4072 remiscuit,
667 4011 741 4073 cujus
751 4024 818 4072 prar-
858 4026 968 4064 manum.
1003 4013 1069 4064 Vide
1080 4012 1148 4078 apud
1160 4013 1265 4080 Dictyu.

292 4083 357 4134 sidio
371 4085 536 4136 confidebat?
558 4091 586 4134 et
597 4099 642 4134 eur
652 4084 694 4136 hic
710 4087 831 4137 mentio·
