<?xml version="1.0" encoding="UTF-8"?>
<!DOCTYPE html PUBLIC "-//W3C//DTD XHTML 1.0 Transitional//EN"
    "http://www.w3.org/TR/xhtml1/DTD/xhtml1-transitional.dtd">
<html xmlns="http://www.w3.org/1999/xhtml" xml:lang="en" lang="en">
 <head>
  <title>
</title>
<meta http-equiv="Content-Type" content="text/html;charset=utf-8" />
  <meta name='ocr-system' content='tesseract 3.04.00' />
  <meta name='ocr-capabilities' content='ocr_page ocr_carea ocr_par ocr_line ocrx_word'/>
</head>
<body>
  <div class='ocr_page' id='page_1' title='image "./dictyscretensis00dresgoog_0240.png"; bbox 0 0 3152 4950; ppageno 0'>
   <div class='ocr_carea' id='block_1_1' title="bbox 462 365 1286 434">
    <p class='ocr_par' dir='ltr' id='par_1_1' title="bbox 462 365 1286 434">
     <span class='ocr_line' id='line_1_1' title="bbox 462 365 1286 434; baseline 0.017 -14"><span class='ocrx_word' id='word_1_1' title='bbox 462 375 511 422; x_wconf 83' lang='lat' dir='ltr'><strong>nn</strong></span> <span class='ocrx_word' id='word_1_2' title='bbox 534 375 654 427; x_wconf 81' lang='lat' dir='ltr'><strong>nunno</strong></span> <span class='ocrx_word' id='word_1_3' title='bbox 677 374 848 425; x_wconf 78' lang='lat' dir='ltr'><strong>nnoiuuo</strong></span> <span class='ocrx_word' id='word_1_4' title='bbox 871 375 944 430; x_wconf 77' lang='lat' dir='ltr'><strong>nte.</strong></span> <span class='ocrx_word' id='word_1_5' title='bbox 968 377 1018 426; x_wconf 85' lang='grc' dir='ltr'><strong>ιν.</strong></span> <span class='ocrx_word' id='word_1_6' title='bbox 1222 365 1286 434; x_wconf 75' lang='lat' dir='ltr'><strong>ott</strong></span> 
     </span>
    </p>
   </div>
   <div class='ocr_carea' id='block_1_2' title="bbox 152 514 1287 2713">
    <p class='ocr_par' dir='ltr' id='par_1_2' title="bbox 152 514 1287 2713">
     <span class='ocr_line' id='line_1_2' title="bbox 192 514 1287 601; baseline 0 -17"><span class='ocrx_word' id='word_1_7' title='bbox 192 515 340 598; x_wconf 73' lang='lat' dir='ltr'><strong>adquam</strong></span> <span class='ocrx_word' id='word_1_8' title='bbox 364 514 507 598; x_wconf 75' lang='lat' dir='ltr'><strong>regionis</strong></span> <span class='ocrx_word' id='word_1_9' title='bbox 530 516 564 585; x_wconf 89' lang='lat' dir='ltr'><strong>in</strong></span> <span class='ocrx_word' id='word_1_10' title='bbox 591 535 658 599; x_wconf 87' lang='lat' dir='ltr'><strong>qua</strong></span> <span class='ocrx_word' id='word_1_11' title='bbox 678 517 838 599; x_wconf 83' lang='lat' dir='ltr'><strong>reliquam</strong></span> <span class='ocrx_word' id='word_1_12' title='bbox 852 518 955 590; x_wconf 77' lang='lat' dir='ltr'><strong>vitem</strong></span> <span class='ocrx_word' id='word_1_13' title='bbox 967 518 1109 601; x_wconf 74' lang='lat' dir='ltr'><strong>degeret,</strong></span> <span class='ocrx_word' id='word_1_14' title='bbox 1123 528 1287 595; x_wconf 65' lang='lat' dir='ltr'><strong>muctam</strong></span> 
     </span>
     <span class='ocr_line' id='line_1_3' title="bbox 192 614 1286 696; baseline 0.011 -16"><span class='ocrx_word' id='word_1_15' title='bbox 192 615 236 680; x_wconf 83' lang='lat' dir='ltr'><strong>ab</strong></span> <span class='ocrx_word' id='word_1_16' title='bbox 258 615 335 680; x_wconf 83' lang='lat' dir='ltr'><strong>aliis</strong></span> <span class='ocrx_word' id='word_1_17' title='bbox 356 614 580 684; x_wconf 84' lang='lat' dir='ltr'><strong>concederent.</strong></span> <span class='ocrx_word' id='word_1_18' title='bbox 625 617 714 683; x_wconf 90' lang='lat' dir='ltr'><strong>Dein</strong></span> <span class='ocrx_word' id='word_1_19' title='bbox 732 616 786 682; x_wconf 64' lang='lat' dir='ltr'><strong>adv</strong></span> <span class='ocrx_word' id='word_1_20' title='bbox 797 636 902 688; x_wconf 80' lang='lat' dir='ltr'><strong>naves</strong></span> <span class='ocrx_word' id='word_1_21' title='bbox 921 617 1055 696; x_wconf 83' lang='lat' dir='ltr'><strong>doctus,</strong></span> <span class='ocrx_word' id='word_1_22' title='bbox 1068 620 1128 686; x_wconf 88' lang='lat' dir='ltr'><strong>uhi</strong></span> <span class='ocrx_word' id='word_1_23' title='bbox 1142 624 1286 695; x_wconf 86' lang='lat' dir='ltr'><strong>concilio</strong></span> 
     </span>
     <span class='ocr_line' id='line_1_4' title="bbox 191 716 1286 808; baseline 0.001 -23"><span class='ocrx_word' id='word_1_24' title='bbox 191 717 318 788; x_wconf 73' lang='lat' dir='ltr'><strong>mixtus</strong></span> <span class='ocrx_word' id='word_1_25' title='bbox 330 723 396 794; x_wconf 79' lang='lat' dir='ltr'><strong>eat,</strong></span> <span class='ocrx_word' id='word_1_26' title='bbox 407 717 512 786; x_wconf 78' lang='lat' dir='ltr'><strong>multe</strong></span> <span class='ocrx_word' id='word_1_27' title='bbox 524 717 669 808; x_wconf 82' lang='lat' dir='ltr'><strong>locotus,</strong></span> <span class='ocrx_word' id='word_1_28' title='bbox 684 716 872 795; x_wconf 71' lang='lat' dir='ltr'><strong>Naucanio,</strong></span> <span class='ocrx_word' id='word_1_29' title='bbox 880 718 941 792; x_wconf 82' lang='lat' dir='ltr'><strong>nit.</strong></span> <span class='ocrx_word' id='word_1_30' title='bbox 952 719 1079 796; x_wconf 79' lang='lat' dir='ltr'><strong>mortis,</strong></span> <span class='ocrx_word' id='word_1_31' title='bbox 1090 740 1128 788; x_wconf 83' lang='lat' dir='ltr'><strong>ae</strong></span> <span class='ocrx_word' id='word_1_32' title='bbox 1142 726 1286 804; x_wconf 68' lang='lat' dir='ltr'><strong>patriam</strong></span> 
     </span>
     <span class='ocr_line' id='line_1_5' title="bbox 191 817 1287 905; baseline 0.007 -18"><span class='ocrx_word' id='word_1_33' title='bbox 191 823 412 899; x_wconf 76' lang='lat' dir='ltr'><strong>parentesque</strong></span> <span class='ocrx_word' id='word_1_34' title='bbox 441 817 606 893; x_wconf 82' lang='lat' dir='ltr'><strong>deserere,</strong></span> <span class='ocrx_word' id='word_1_35' title='bbox 637 817 699 882; x_wconf 88' lang='lat' dir='ltr'><strong>sed</strong></span> <span class='ocrx_word' id='word_1_36' title='bbox 729 818 877 887; x_wconf 80' lang='lat' dir='ltr'><strong>Deorum</strong></span> <span class='ocrx_word' id='word_1_37' title='bbox 904 825 1062 891; x_wconf 77' lang='lat' dir='ltr'><strong>coactum</strong></span> <span class='ocrx_word' id='word_1_38' title='bbox 1090 825 1287 905; x_wconf 62' lang='lat' dir='ltr'><strong>aversione?</strong></span> 
     </span>
     <span class='ocr_line' id='line_1_6' title="bbox 190 917 1286 1010; baseline 0.005 -28"><span class='ocrx_word' id='word_1_39' title='bbox 190 937 331 1000; x_wconf 86' lang='lat' dir='ltr'><strong>quorum</strong></span> <span class='ocrx_word' id='word_1_40' title='bbox 356 917 494 986; x_wconf 83' lang='lat' dir='ltr'><strong>delubra</strong></span> <span class='ocrx_word' id='word_1_41' title='bbox 520 918 641 982; x_wconf 84' lang='lat' dir='ltr'><strong>violari</strong></span> <span class='ocrx_word' id='word_1_42' title='bbox 667 919 710 984; x_wconf 86' lang='lat' dir='ltr'><strong>ah</strong></span> <span class='ocrx_word' id='word_1_43' title='bbox 738 918 945 996; x_wconf 75' lang='lat' dir='ltr'><strong>Alexandro,</strong></span> <span class='ocrx_word' id='word_1_44' title='bbox 967 939 1073 1003; x_wconf 71' lang='lat' dir='ltr'><strong>neom</strong></span> <span class='ocrx_word' id='word_1_45' title='bbox 1098 941 1149 1000; x_wconf 85' lang='lat' dir='ltr'><strong>se,</strong></span> <span class='ocrx_word' id='word_1_46' title='bbox 1174 944 1286 1010; x_wconf 71' lang='lat' dir='ltr'><strong>neque</strong></span> 
     </span>
     <span class='ocr_line' id='line_1_7' title="bbox 190 1017 1286 1100; baseline 0.008 -17"><span class='ocrx_word' id='word_1_47' title='bbox 190 1019 332 1083; x_wconf 81' lang='lat' dir='ltr'><strong>AEneam</strong></span> <span class='ocrx_word' id='word_1_48' title='bbox 348 1019 507 1100; x_wconf 80' lang='lat' dir='ltr'>nequisse</span> <span class='ocrx_word' id='word_1_49' title='bbox 523 1017 604 1099; x_wconf 86' lang='lat' dir='ltr'><strong>pati.</strong></span> <span class='ocrx_word' id='word_1_50' title='bbox 638 1017 709 1096; x_wconf 82' lang='lat' dir='ltr'><strong>Qui</strong></span> <span class='ocrx_word' id='word_1_51' title='bbox 720 1023 889 1087; x_wconf 81' lang='lat' dir='ltr'><strong>metuensp</strong></span> <span class='ocrx_word' id='word_1_52' title='bbox 908 1018 1105 1091; x_wconf 83' lang='lat' dir='ltr'><strong>Graecorum</strong></span> <span class='ocrx_word' id='word_1_53' title='bbox 1119 1023 1286 1092; x_wconf 61' lang='lat' dir='ltr'><strong>iracundie</strong></span> 
     </span>
     <span class='ocr_line' id='line_1_8' title="bbox 190 1116 1285 1210; baseline 0.007 -28"><span class='ocrx_word' id='word_1_54' title='bbox 190 1138 256 1196; x_wconf 85' lang='lat' dir='ltr'><strong>nm,</strong></span> <span class='ocrx_word' id='word_1_55' title='bbox 270 1118 362 1201; x_wconf 83' lang='lat' dir='ltr'><strong>apud</strong></span> <span class='ocrx_word' id='word_1_56' title='bbox 374 1116 578 1190; x_wconf 78' lang='lat' dir='ltr'><strong>Antenorem</strong></span> <span class='ocrx_word' id='word_1_57' title='bbox 595 1125 726 1200; x_wconf 82' lang='lat' dir='ltr'><strong>ageret⁵</strong></span> <span class='ocrx_word' id='word_1_58' title='bbox 740 1137 921 1200; x_wconf 85' lang='lat' dir='ltr'><strong>senemque</strong></span> <span class='ocrx_word' id='word_1_59' title='bbox 933 1129 1116 1202; x_wconf 83' lang='lat' dir='ltr'><strong>parentem,</strong></span> <span class='ocrx_word' id='word_1_60' title='bbox 1131 1122 1173 1188; x_wconf 86' lang='lat' dir='ltr'><strong>de</strong></span> <span class='ocrx_word' id='word_1_61' title='bbox 1187 1127 1285 1210; x_wconf 75' lang='lat' dir='ltr'><strong>cujus</strong></span> 
     </span>
     <span class='ocr_line' id='line_1_9' title="bbox 152 1219 1285 1308; baseline 0.01 -24"><span class='ocrx_word' id='word_1_62' title='bbox 152 1267 158 1274; x_wconf 82' lang='grc'><em>.</em></span> <span class='ocrx_word' id='word_1_63' title='bbox 189 1220 350 1287; x_wconf 83' lang='lat' dir='ltr'><strong>oroculoq</strong></span> <span class='ocrx_word' id='word_1_64' title='bbox 385 1219 590 1288; x_wconf 81' lang='lat' dir='ltr'><strong>imminentia</strong></span> <span class='ocrx_word' id='word_1_65' title='bbox 617 1219 772 1302; x_wconf 77' lang='lat' dir='ltr'><strong>Troianis</strong></span> <span class='ocrx_word' id='word_1_66' title='bbox 801 1220 892 1288; x_wconf 87' lang='lat' dir='ltr'><strong>mala</strong></span> <span class='ocrx_word' id='word_1_67' title='bbox 921 1219 1026 1286; x_wconf 86' lang='lat' dir='ltr'><strong>oum⁶</strong></span> <span class='ocrx_word' id='word_1_68' title='bbox 1058 1225 1285 1308; x_wconf 71' lang='lat' dir='ltr'><strong>cognovisset,</strong></span> 
     </span>
     <span class='ocr_line' id='line_1_10' title="bbox 188 1319 1287 1402; baseline 0.002 -18"><span class='ocrx_word' id='word_1_69' title='bbox 188 1320 277 1391; x_wconf 84' lang='lat' dir='ltr'><strong>ultro</strong></span> <span class='ocrx_word' id='word_1_70' title='bbox 292 1319 478 1402; x_wconf 76' lang='lat' dir='ltr'><strong>supplicem</strong></span> <span class='ocrx_word' id='word_1_71' title='bbox 499 1319 543 1386; x_wconf 88' lang='lat' dir='ltr'><strong>ad</strong></span> <span class='ocrx_word' id='word_1_72' title='bbox 570 1340 631 1386; x_wconf 87' lang='lat' dir='ltr'><strong>eos</strong></span> <span class='ocrx_word' id='word_1_73' title='bbox 656 1320 837 1390; x_wconf 77' lang='lat' dir='ltr'><strong>decurrere.</strong></span> <span class='ocrx_word' id='word_1_74' title='bbox 881 1319 977 1388; x_wconf 85' lang='lat' dir='ltr'><strong>Tunc</strong></span> <span class='ocrx_word' id='word_1_75' title='bbox 992 1324 1112 1394; x_wconf 79' lang='lat' dir='ltr'><strong>nostris</strong></span> <span class='ocrx_word' id='word_1_76' title='bbox 1125 1323 1287 1394; x_wconf 74' lang='lat' dir='ltr'><strong>sennan.</strong></span> 
     </span>
     <span class='ocr_line' id='line_1_11' title="bbox 188 1419 1284 1506; baseline 0.001 -22"><span class='ocrx_word' id='word_1_77' title='bbox 188 1419 279 1484; x_wconf 86' lang='lat' dir='ltr'><strong>tibus</strong></span> <span class='ocrx_word' id='word_1_78' title='bbox 293 1427 423 1487; x_wconf 83' lang='lat' dir='ltr'><strong>secreto</strong></span> <span class='ocrx_word' id='word_1_79' title='bbox 437 1419 646 1500; x_wconf 77' lang='lat' dir='ltr'><strong>dignoscere,</strong></span> <span class='ocrx_word' id='word_1_80' title='bbox 667 1419 812 1504; x_wconf 78' lang='lat' dir='ltr'><strong>chryses</strong></span> <span class='ocrx_word' id='word_1_81' title='bbox 827 1426 912 1484; x_wconf 92' lang='lat' dir='ltr'><strong>nutu</strong></span> <span class='ocrx_word' id='word_1_82' title='bbox 926 1421 975 1485; x_wconf 86' lang='lat' dir='ltr'><strong>uti</strong></span> <span class='ocrx_word' id='word_1_83' title='bbox 990 1420 1157 1492; x_wconf 82' lang='lat' dir='ltr'><strong>silentium</strong></span> <span class='ocrx_word' id='word_1_84' title='bbox 1170 1443 1284 1506; x_wconf 74' lang='lat' dir='ltr'><strong>egere.</strong></span> 
     </span>
     <span class='ocr_line' id='line_1_12' title="bbox 188 1519 1284 1607; baseline 0.003 -18"><span class='ocrx_word' id='word_1_85' title='bbox 188 1526 242 1589; x_wconf 81' lang='lat' dir='ltr'><strong>tur</strong></span> <span class='ocrx_word' id='word_1_86' title='bbox 256 1519 432 1602; x_wconf 78' lang='lat' dir='ltr'><strong>significat,</strong></span> <span class='ocrx_word' id='word_1_87' title='bbox 454 1526 554 1602; x_wconf 83' lang='lat' dir='ltr'><strong>atque</strong></span> <span class='ocrx_word' id='word_1_88' title='bbox 570 1520 740 1588; x_wconf 88' lang='lat' dir='ltr'><strong>Helenum</strong></span> <span class='ocrx_word' id='word_1_89' title='bbox 753 1541 867 1591; x_wconf 73' lang='lat' dir='ltr'><strong>eodum</strong></span> <span class='ocrx_word' id='word_1_90' title='bbox 883 1520 1029 1592; x_wconf 71' lang='lat' dir='ltr'><strong>obducit.</strong></span> <span class='ocrx_word' id='word_1_91' title='bbox 1073 1521 1108 1587; x_wconf 83' lang='lat' dir='ltr'>A</span> <span class='ocrx_word' id='word_1_92' title='bbox 1122 1543 1191 1607; x_wconf 89' lang='lat' dir='ltr'><strong>qno</strong></span> <span class='ocrx_word' id='word_1_93' title='bbox 1204 1525 1284 1592; x_wconf 86' lang='lat' dir='ltr'><strong>doc·</strong></span> 
     </span>
     <span class='ocr_line' id='line_1_13' title="bbox 189 1619 1286 1706; baseline 0.008 -22"><span class='ocrx_word' id='word_1_94' title='bbox 189 1629 256 1698; x_wconf 84' lang='lat' dir='ltr'><strong>tus,</strong></span> <span class='ocrx_word' id='word_1_95' title='bbox 275 1627 401 1689; x_wconf 86' lang='lat' dir='ltr'><strong>cuncta</strong></span> <span class='ocrx_word' id='word_1_96' title='bbox 421 1619 564 1698; x_wconf 75' lang='lat' dir='ltr'><strong>Grmcis,</strong></span> <span class='ocrx_word' id='word_1_97' title='bbox 584 1624 632 1686; x_wconf 91' lang='lat' dir='ltr'><strong>uti</strong></span> <span class='ocrx_word' id='word_1_98' title='bbox 651 1622 814 1698; x_wconf 85' lang='lat' dir='ltr'><strong>audierat,</strong></span> <span class='ocrx_word' id='word_1_99' title='bbox 839 1622 946 1688; x_wconf 84' lang='lat' dir='ltr'><strong>refert.</strong></span> <span class='ocrx_word' id='word_1_100' title='bbox 991 1620 1098 1692; x_wconf 83' lang='lat' dir='ltr'><strong>Addit</strong></span> <span class='ocrx_word' id='word_1_101' title='bbox 1122 1632 1286 1706; x_wconf 69' lang='lat' dir='ltr'><strong>preterea</strong></span> 
     </span>
     <span class='ocr_line' id='line_1_14' title="bbox 188 1711 1284 1808; baseline -0.005 -20"><span class='ocrx_word' id='word_1_102' title='bbox 188 1727 320 1804; x_wconf 87' lang='lat' dir='ltr'><strong>tempus</strong></span> <span class='ocrx_word' id='word_1_103' title='bbox 335 1711 473 1808; x_wconf 79' lang='lat' dir='ltr'><strong>Trojani</strong></span> <span class='ocrx_word' id='word_1_104' title='bbox 489 1723 628 1800; x_wconf 82' lang='lat' dir='ltr'><strong>excidii,</strong></span> <span class='ocrx_word' id='word_1_105' title='bbox 644 1724 746 1806; x_wconf 89' lang='lat' dir='ltr'><strong>idque</strong></span> <span class='ocrx_word' id='word_1_106' title='bbox 758 1723 966 1794; x_wconf 76' lang='lat' dir='ltr'><strong>administris</strong></span> <span class='ocrx_word' id='word_1_107' title='bbox 977 1723 1086 1792; x_wconf 80' lang='lat' dir='ltr'><strong>AEnen</strong></span> <span class='ocrx_word' id='word_1_108' title='bbox 1099 1731 1201 1806; x_wconf 84' lang='lat' dir='ltr'><strong>atque</strong></span> <span class='ocrx_word' id='word_1_109' title='bbox 1213 1725 1284 1796; x_wconf 78' lang='lat' dir='ltr'><strong>An.</strong></span> 
     </span>
     <span class='ocr_line' id='line_1_15' title="bbox 188 1821 1286 1906; baseline 0.005 -20"><span class='ocrx_word' id='word_1_110' title='bbox 188 1829 302 1890; x_wconf 81' lang='lat' dir='ltr'><strong>tenore</strong></span> <span class='ocrx_word' id='word_1_111' title='bbox 318 1821 397 1886; x_wconf 85' lang='lat' dir='ltr'><strong>sore.</strong></span> <span class='ocrx_word' id='word_1_112' title='bbox 441 1823 532 1888; x_wconf 87' lang='lat' dir='ltr'><strong>Tum</strong></span> <span class='ocrx_word' id='word_1_113' title='bbox 548 1825 713 1894; x_wconf 83' lang='lat' dir='ltr'><strong>recordati</strong></span> <span class='ocrx_word' id='word_1_114' title='bbox 737 1843 850 1889; x_wconf 87' lang='lat' dir='ltr'><strong>eorum</strong></span> <span class='ocrx_word' id='word_1_115' title='bbox 874 1844 948 1906; x_wconf 88' lang='lat' dir='ltr'><strong>quae</strong></span> <span class='ocrx_word' id='word_1_116' title='bbox 973 1823 1118 1888; x_wconf 75' lang='lat' dir='ltr'><strong>calcum</strong></span> <span class='ocrx_word' id='word_1_117' title='bbox 1142 1823 1286 1900; x_wconf 75' lang='lat' dir='ltr'><strong>dixerat,</strong></span> 
     </span>
     <span class='ocr_line' id='line_1_16' title="bbox 189 1922 1285 2006; baseline -0.001 -20"><span class='ocrx_word' id='word_1_118' title='bbox 189 1923 308 1989; x_wconf 89' lang='lat' dir='ltr'><strong>eadem</strong></span> <span class='ocrx_word' id='word_1_119' title='bbox 325 1928 446 1988; x_wconf 84' lang='lat' dir='ltr'><strong>cuncta</strong></span> <span class='ocrx_word' id='word_1_120' title='bbox 460 1923 738 2006; x_wconf 79' lang='lat' dir='ltr'><strong>congruentiaque</strong></span> <span class='ocrx_word' id='word_1_121' title='bbox 761 1922 1036 1994; x_wconf 74' lang='lat' dir='ltr'><strong>animadvertunt.</strong></span> <span class='ocrx_word' id='word_1_122' title='bbox 1089 1922 1172 2006; x_wconf 88' lang='grc'><strong>[19.]</strong></span> <span class='ocrx_word' id='word_1_123' title='bbox 1195 1924 1285 1996; x_wconf 82' lang='lat' dir='ltr'><strong>Dein</strong></span> 
     </span>
     <span class='ocr_line' id='line_1_17' title="bbox 188 2023 1284 2108; baseline 0.005 -21"><span class='ocrx_word' id='word_1_124' title='bbox 188 2031 324 2106; x_wconf 89' lang='lat' dir='ltr'><strong>postero</strong></span> <span class='ocrx_word' id='word_1_125' title='bbox 339 2023 406 2100; x_wconf 91' lang='lat' dir='ltr'><strong>die,</strong></span> <span class='ocrx_word' id='word_1_126' title='bbox 421 2044 555 2106; x_wconf 81' lang='lat' dir='ltr'><strong>egresso</strong></span> <span class='ocrx_word' id='word_1_127' title='bbox 571 2026 735 2108; x_wconf 83' lang='lat' dir='ltr'><strong>utrimque</strong></span> <span class='ocrx_word' id='word_1_128' title='bbox 751 2024 857 2088; x_wconf 89' lang='lat' dir='ltr'><strong>milite</strong></span> <span class='ocrx_word' id='word_1_129' title='bbox 872 2024 915 2088; x_wconf 83' lang='lat' dir='ltr'><strong>ad</strong></span> <span class='ocrx_word' id='word_1_130' title='bbox 933 2023 1133 2102; x_wconf 87' lang='lat' dir='ltr'><strong>bellandum,</strong></span> <span class='ocrx_word' id='word_1_131' title='bbox 1149 2024 1284 2108; x_wconf 85' lang='lat' dir='ltr'><strong>plurimi</strong></span> 
     </span>
     <span class='ocr_line' id='line_1_18' title="bbox 188 2124 1285 2210; baseline 0.003 -22"><span class='ocrx_word' id='word_1_132' title='bbox 188 2124 407 2208; x_wconf 79' lang='lat' dir='ltr'><strong>Tuojcnorum</strong></span> <span class='ocrx_word' id='word_1_133' title='bbox 423 2125 559 2202; x_wconf 83' lang='lat' dir='ltr'><strong>cadunt,</strong></span> <span class='ocrx_word' id='word_1_134' title='bbox 583 2126 645 2190; x_wconf 90' lang='lat' dir='ltr'><strong>sed</strong></span> <span class='ocrx_word' id='word_1_135' title='bbox 665 2145 709 2191; x_wconf 83' lang='lat' dir='ltr'><strong>ex</strong></span> <span class='ocrx_word' id='word_1_136' title='bbox 728 2126 832 2190; x_wconf 87' lang='lat' dir='ltr'><strong>sociis</strong></span> <span class='ocrx_word' id='word_1_137' title='bbox 856 2125 1046 2210; x_wconf 81' lang='lat' dir='ltr'><strong>auxiliariis</strong></span> <span class='ocrx_word' id='word_1_138' title='bbox 1072 2144 1152 2208; x_wconf 81' lang='lat' dir='ltr'><strong>pars</strong></span> <span class='ocrx_word' id='word_1_139' title='bbox 1175 2127 1285 2191; x_wconf 79' lang='lat' dir='ltr'><strong>maxi-</strong></span> 
     </span>
     <span class='ocr_line' id='line_1_19' title="bbox 189 2223 1285 2307; baseline 0 -17"><span class='ocrx_word' id='word_1_140' title='bbox 189 2233 290 2294; x_wconf 69' lang='lat' dir='ltr'><strong>maJ‘</strong></span> <span class='ocrx_word' id='word_1_141' title='bbox 332 2223 382 2290; x_wconf 81' lang='lat' dir='ltr'><strong>At</strong></span> <span class='ocrx_word' id='word_1_142' title='bbox 398 2226 456 2290; x_wconf 88' lang='lat' dir='ltr'><strong>obi</strong></span> <span class='ocrx_word' id='word_1_143' title='bbox 471 2227 700 2293; x_wconf 82' lang='lat' dir='ltr'><strong>vehementius</strong></span> <span class='ocrx_word' id='word_1_144' title='bbox 716 2247 738 2292; x_wconf 90' lang='lat' dir='ltr'><strong>a</strong></span> <span class='ocrx_word' id='word_1_145' title='bbox 752 2226 874 2290; x_wconf 87' lang='lat' dir='ltr'><strong>nostris</strong></span> <span class='ocrx_word' id='word_1_146' title='bbox 889 2227 1040 2303; x_wconf 85' lang='lat' dir='ltr'><strong>instatur,</strong></span> <span class='ocrx_word' id='word_1_147' title='bbox 1064 2232 1098 2290; x_wconf 88' lang='lat' dir='ltr'><strong>et</strong></span> <span class='ocrx_word' id='word_1_148' title='bbox 1113 2225 1202 2296; x_wconf 84' lang='lat' dir='ltr'><strong>omni</strong></span> <span class='ocrx_word' id='word_1_149' title='bbox 1217 2244 1285 2307; x_wconf 85' lang='lat' dir='ltr'><strong>ope</strong></span> 
     </span>
     <span class='ocr_line' id='line_1_20' title="bbox 189 2325 1284 2408; baseline 0 -18"><span class='ocrx_word' id='word_1_150' title='bbox 189 2327 314 2396; x_wconf 82' lang='lat' dir='ltr'><strong>bellum</strong></span> <span class='ocrx_word' id='word_1_151' title='bbox 329 2326 424 2390; x_wconf 88' lang='lat' dir='ltr'><strong>finire</strong></span> <span class='ocrx_word' id='word_1_152' title='bbox 439 2328 473 2390; x_wconf 90' lang='lat' dir='ltr'><strong>in</strong></span> <span class='ocrx_word' id='word_1_153' title='bbox 487 2329 599 2398; x_wconf 83' lang='lat' dir='ltr'><strong>animo</strong></span> <span class='ocrx_word' id='word_1_154' title='bbox 615 2331 678 2404; x_wconf 86' lang='lat' dir='ltr'><strong>est,</strong></span> <span class='ocrx_word' id='word_1_155' title='bbox 705 2327 803 2408; x_wconf 87' lang='lat' dir='ltr'><strong>siguo</strong></span> <span class='ocrx_word' id='word_1_156' title='bbox 828 2327 906 2390; x_wconf 86' lang='lat' dir='ltr'><strong>dato</strong></span> <span class='ocrx_word' id='word_1_157' title='bbox 930 2325 999 2390; x_wconf 81' lang='lat' dir='ltr'><strong>dux</strong></span> <span class='ocrx_word' id='word_1_158' title='bbox 1024 2325 1104 2392; x_wconf 90' lang='lat' dir='ltr'><strong>duci</strong></span> <span class='ocrx_word' id='word_1_159' title='bbox 1130 2327 1284 2404; x_wconf 87' lang='lat' dir='ltr'><strong>oconnit,</strong></span> 
     </span>
     <span class='ocr_line' id='line_1_21' title="bbox 189 2425 1284 2518; baseline 0 -28"><span class='ocrx_word' id='word_1_160' title='bbox 189 2436 289 2510; x_wconf 86' lang='lat' dir='ltr'><strong>atque</strong></span> <span class='ocrx_word' id='word_1_161' title='bbox 305 2428 390 2490; x_wconf 87' lang='lat' dir='ltr'><strong>inse</strong></span> <span class='ocrx_word' id='word_1_162' title='bbox 404 2428 557 2518; x_wconf 78' lang='lat' dir='ltr'><strong>praelium</strong></span> <span class='ocrx_word' id='word_1_163' title='bbox 573 2433 780 2491; x_wconf 88' lang='lat' dir='ltr'><strong>convertunt.</strong></span> <span class='ocrx_word' id='word_1_164' title='bbox 823 2426 911 2490; x_wconf 87' lang='lat' dir='ltr'><strong>Tum</strong></span> <span class='ocrx_word' id='word_1_165' title='bbox 926 2425 1117 2490; x_wconf 81' lang='lat' dir='ltr'><strong>Philocteta</strong></span> <span class='ocrx_word' id='word_1_166' title='bbox 1131 2446 1284 2510; x_wconf 85' lang='lat' dir='ltr'><strong>progres-</strong></span> 
     </span>
     <span class='ocr_line' id='line_1_22' title="bbox 161 2527 1283 2608; baseline 0.004 -19"><span class='ocrx_word' id='word_1_167' title='bbox 161 2593 163 2598; x_wconf 86' lang='lat'><em>.</em></span> <span class='ocrx_word' id='word_1_168' title='bbox 188 2547 245 2590; x_wconf 90' lang='lat' dir='ltr'><strong>sus</strong></span> <span class='ocrx_word' id='word_1_169' title='bbox 261 2528 450 2605; x_wconf 87' lang='lat' dir='ltr'><strong>adversum,</strong></span> <span class='ocrx_word' id='word_1_170' title='bbox 465 2527 695 2592; x_wconf 80' lang='lat' dir='ltr'><strong>Alexandrum</strong></span> <span class='ocrx_word' id='word_1_171' title='bbox 722 2527 872 2603; x_wconf 86' lang='lat' dir='ltr'><strong>lacessit,</strong></span> <span class='ocrx_word' id='word_1_172' title='bbox 894 2527 924 2590; x_wconf 87' lang='lat' dir='ltr'><strong>si</strong></span> <span class='ocrx_word' id='word_1_173' title='bbox 947 2527 1082 2592; x_wconf 84' lang='lat' dir='ltr'><strong>auderet</strong></span> <span class='ocrx_word' id='word_1_174' title='bbox 1106 2529 1283 2608; x_wconf 81' lang='lat' dir='ltr'><strong>sagittario</strong></span> 
     </span>
     <span class='ocr_line' id='line_1_23' title="bbox 189 2627 1283 2713; baseline 0.002 -21"><span class='ocrx_word' id='word_1_175' title='bbox 189 2630 376 2694; x_wconf 76' lang='lat' dir='ltr'><strong>certamine.</strong></span> <span class='ocrx_word' id='word_1_176' title='bbox 420 2628 476 2692; x_wconf 84' lang='lat' dir='ltr'><strong>Ita</strong></span> <span class='ocrx_word' id='word_1_177' title='bbox 503 2648 665 2692; x_wconf 85' lang='lat' dir='ltr'><strong>concessu</strong></span> <span class='ocrx_word' id='word_1_178' title='bbox 691 2627 989 2713; x_wconf 83' lang='lat' dir='ltr'><strong>utriusquepartis</strong></span> <span class='ocrx_word' id='word_1_179' title='bbox 1016 2627 1158 2712; x_wconf 78' lang='lat' dir='ltr'><strong>Ulysses</strong></span> <span class='ocrx_word' id='word_1_180' title='bbox 1183 2636 1283 2712; x_wconf 88' lang='lat' dir='ltr'><strong>atquc</strong></span> 
     </span>
    </p>
   </div>
   <div class='ocr_carea' id='block_1_3' title="bbox 648 2838 829 2858">
    <p class='ocr_par' dir='ltr' id='par_1_3' title="bbox 648 2838 829 2858">
     <span class='ocr_line' id='line_1_24' title="bbox 648 2838 829 2858; baseline 0 0"><span class='ocrx_word' id='word_1_181' title='bbox 648 2838 690 2858; x_wconf 75' lang='lat' dir='ltr'><strong>uo</strong></span> <span class='ocrx_word' id='word_1_182' title='bbox 693 2839 797 2858; x_wconf 73' lang='lat' dir='ltr'><strong>emon</strong></span> <span class='ocrx_word' id='word_1_183' title='bbox 801 2839 829 2858; x_wconf 69' lang='lat'><strong>00</strong></span> 
     </span>
    </p>
   </div>
   <div class='ocr_carea' id='block_1_4' title="bbox 190 2982 1283 3048">
    <p class='ocr_par' dir='ltr' id='par_1_4' title="bbox 190 2982 1283 3048">
     <span class='ocr_line' id='line_1_25' title="bbox 190 2982 1283 3048; baseline 0 -16"><span class='ocrx_word' id='word_1_184' title='bbox 190 2990 203 3031; x_wconf 81' lang='lat'><strong>5</strong></span> <span class='ocrx_word' id='word_1_185' title='bbox 224 2984 317 3046; x_wconf 86' lang='lat' dir='ltr'><strong>Delph.</strong></span> <span class='ocrx_word' id='word_1_186' title='bbox 328 2988 455 3045; x_wconf 77' lang='lat' dir='ltr'><strong>agera-6</strong></span> <span class='ocrx_word' id='word_1_187' title='bbox 472 2984 556 3034; x_wconf 85' lang='lat' dir='ltr'><strong>Deest</strong></span> <span class='ocrx_word' id='word_1_188' title='bbox 569 2985 659 3034; x_wconf 84' lang='lat' dir='ltr'><strong>vocula</strong></span> <span class='ocrx_word' id='word_1_189' title='bbox 670 2999 724 3032; x_wconf 85' lang='lat' dir='ltr'><strong>com</strong></span> <span class='ocrx_word' id='word_1_190' title='bbox 735 2984 760 3032; x_wconf 90' lang='lat' dir='ltr'><strong>in</strong></span> <span class='ocrx_word' id='word_1_191' title='bbox 773 2982 917 3046; x_wconf 77' lang='lat' dir='ltr'><strong>Delph.—i</strong></span> <span class='ocrx_word' id='word_1_192' title='bbox 936 2982 1037 3030; x_wconf 80' lang='lat' dir='ltr'><strong>Desunt</strong></span> <span class='ocrx_word' id='word_1_193' title='bbox 1049 2983 1074 3030; x_wconf 92' lang='lat' dir='ltr'><strong>in</strong></span> <span class='ocrx_word' id='word_1_194' title='bbox 1086 2983 1184 3048; x_wconf 87' lang='lat' dir='ltr'><strong>Delph.</strong></span> <span class='ocrx_word' id='word_1_195' title='bbox 1195 2997 1283 3036; x_wconf 83' lang='lat' dir='ltr'><strong>omnes</strong></span> 
     </span>
    </p>
   </div>
   <div class='ocr_carea' id='block_1_5' title="bbox 112 3045 1283 3111">
    <p class='ocr_par' dir='ltr' id='par_1_5' title="bbox 112 3045 1283 3111">
     <span class='ocr_line' id='line_1_26' title="bbox 112 3045 1283 3111; baseline 0.003 -18"><span class='ocrx_word' id='word_1_196' title='bbox 112 3097 117 3105; x_wconf 51' lang='grc'><em>,</em></span> <span class='ocrx_word' id='word_1_197' title='bbox 190 3061 290 3096; x_wconf 75' lang='lat' dir='ltr'><strong>vocene</strong></span> <span class='ocrx_word' id='word_1_198' title='bbox 301 3049 431 3096; x_wconf 69' lang='lat' dir='ltr'><strong>bellandum</strong></span> <span class='ocrx_word' id='word_1_199' title='bbox 441 3061 522 3111; x_wconf 87' lang='lat' dir='ltr'><strong>usque</strong></span> <span class='ocrx_word' id='word_1_200' title='bbox 534 3047 565 3096; x_wconf 76' lang='lat' dir='ltr'><strong>nd</strong></span> <span class='ocrx_word' id='word_1_201' title='bbox 576 3049 691 3096; x_wconf 67' lang='lat' dir='ltr'><strong>nucinam</strong></span> <span class='ocrx_word' id='word_1_202' title='bbox 717 3047 795 3096; x_wconf 89' lang='lat' dir='ltr'><strong>Hunc</strong></span> <span class='ocrx_word' id='word_1_203' title='bbox 804 3048 888 3095; x_wconf 88' lang='lat' dir='ltr'><strong>locrrrn</strong></span> <span class='ocrx_word' id='word_1_204' title='bbox 903 3047 1018 3094; x_wconf 83' lang='lat' dir='ltr'><strong>restituit</strong></span> <span class='ocrx_word' id='word_1_205' title='bbox 1027 3045 1154 3095; x_wconf 84' lang='lat' dir='ltr'><strong>Obrecht.</strong></span> <span class='ocrx_word' id='word_1_206' title='bbox 1166 3060 1198 3094; x_wconf 86' lang='lat' dir='ltr'><strong>ex</strong></span> <span class='ocrx_word' id='word_1_207' title='bbox 1211 3047 1283 3097; x_wconf 86' lang='lat' dir='ltr'><strong>Med.</strong></span> 
     </span>
    </p>
   </div>
   <div class='ocr_carea' id='block_1_6' title="bbox 189 3109 1283 3182">
    <p class='ocr_par' dir='ltr' id='par_1_6' title="bbox 189 3109 1283 3182">
     <span class='ocr_line' id='line_1_27' title="bbox 189 3109 1283 3182; baseline -0.002 -22"><span class='ocrx_word' id='word_1_208' title='bbox 189 3110 254 3160; x_wconf 87' lang='lat' dir='ltr'><strong>Cod.</strong></span> <span class='ocrx_word' id='word_1_209' title='bbox 265 3125 322 3161; x_wconf 90' lang='lat' dir='ltr'><strong>cum</strong></span> <span class='ocrx_word' id='word_1_210' title='bbox 335 3113 410 3174; x_wconf 76' lang='lat' dir='ltr'><strong>vulgo</strong></span> <span class='ocrx_word' id='word_1_211' title='bbox 420 3111 553 3182; x_wconf 81' lang='lat' dir='ltr'><strong>ederetur,</strong></span> <span class='ocrx_word' id='word_1_212' title='bbox 563 3125 657 3173; x_wconf 76' lang='lat' dir='ltr'><strong>egresso</strong></span> <span class='ocrx_word' id='word_1_213' title='bbox 667 3110 778 3173; x_wconf 72' lang='lat' dir='ltr'><strong>atriaque</strong></span> <span class='ocrx_word' id='word_1_214' title='bbox 787 3110 874 3182; x_wconf 60' lang='lat' dir='ltr'><strong>mitte,</strong></span> <span class='ocrx_word' id='word_1_215' title='bbox 884 3109 915 3158; x_wconf 81' lang='lat' dir='ltr'><strong>at</strong></span> <span class='ocrx_word' id='word_1_216' title='bbox 925 3109 1066 3159; x_wconf 71' lang='lat' dir='ltr'><strong>Alexandro</strong></span> <span class='ocrx_word' id='word_1_217' title='bbox 1071 3111 1158 3157; x_wconf 75' lang='lat' dir='ltr'><strong>cedent</strong></span> <span class='ocrx_word' id='word_1_218' title='bbox 1177 3112 1209 3157; x_wconf 73' lang='lat' dir='ltr'><strong>ert</strong></span> <span class='ocrx_word' id='word_1_219' title='bbox 1227 3111 1283 3158; x_wconf 76' lang='lat' dir='ltr'><strong>sotir</strong></span> 
     </span>
    </p>
   </div>
   <div class='ocr_carea' id='block_1_7' title="bbox 682 3302 791 3355">
    <p class='ocr_par' dir='ltr' id='par_1_7' title="bbox 682 3302 791 3355">
     <span class='ocr_line' id='line_1_28' title="bbox 682 3302 791 3355; baseline 0.009 -1"><span class='ocrx_word' id='word_1_220' title='bbox 682 3302 791 3355; x_wconf 76' lang='lat' dir='ltr'>NOTAE</span> 
     </span>
    </p>
   </div>
   <div class='ocr_carea' id='block_1_8' title="bbox 188 3437 1284 4271">
    <p class='ocr_par' dir='ltr' id='par_1_8' title="bbox 188 3437 1283 3584">
     <span class='ocr_line' id='line_1_29' title="bbox 219 3437 1283 3514; baseline -0.008 -18"><span class='ocrx_word' id='word_1_221' title='bbox 219 3455 231 3478; x_wconf 81' lang='lat'>⁰</span> <span class='ocrx_word' id='word_1_222' title='bbox 249 3447 495 3514; x_wconf 67' lang='lat' dir='ltr'><strong>Deorumocereione]</strong></span> <span class='ocrx_word' id='word_1_223' title='bbox 517 3447 553 3498; x_wconf 87' lang='lat' dir='ltr'><strong>Ut</strong></span> <span class='ocrx_word' id='word_1_224' title='bbox 564 3448 631 3512; x_wconf 87' lang='lat' dir='ltr'><strong>apud</strong></span> <span class='ocrx_word' id='word_1_225' title='bbox 644 3448 714 3499; x_wconf 83' lang='lat' dir='ltr'><strong>illurn</strong></span> <span class='ocrx_word' id='word_1_226' title='bbox 756 3447 850 3510; x_wconf 82' lang='lat' dir='ltr'><strong>plicam</strong></span> <span class='ocrx_word' id='word_1_227' title='bbox 868 3443 900 3493; x_wconf 76' lang='lat' dir='ltr'><strong>nd</strong></span> <span class='ocrx_word' id='word_1_228' title='bbox 920 3457 965 3492; x_wconf 82' lang='lat' dir='ltr'><strong>eor</strong></span> <span class='ocrx_word' id='word_1_229' title='bbox 985 3437 1142 3490; x_wconf 67' lang='lat' dir='ltr'><strong>decurrere?</strong></span> <span class='ocrx_word' id='word_1_230' title='bbox 1176 3437 1283 3500; x_wconf 83' lang='lat' dir='ltr'><strong>Optimo</strong></span> 
     </span>
     <span class='ocr_line' id='line_1_30' title="bbox 188 3521 840 3584; baseline -0.003 -13"><span class='ocrx_word' id='word_1_231' title='bbox 188 3521 264 3584; x_wconf 73' lang='lat' dir='ltr'><strong>virg.</strong></span> <span class='ocrx_word' id='word_1_232' title='bbox 283 3522 335 3572; x_wconf 83' lang='lat' dir='ltr'><strong>‘Et</strong></span> <span class='ocrx_word' id='word_1_233' title='bbox 348 3535 440 3572; x_wconf 72' lang='lat' dir='ltr'><strong>eterra</strong></span> <span class='ocrx_word' id='word_1_234' title='bbox 450 3523 535 3572; x_wconf 81' lang='lat' dir='ltr'><strong>Deum</strong></span> <span class='ocrx_word' id='word_1_235' title='bbox 547 3521 636 3576; x_wconf 62' lang='lat' dir='ltr'><strong>mens!</strong></span> <span class='ocrx_word' id='word_1_236' title='bbox 755 3535 840 3573; x_wconf 83' lang='lat' dir='ltr'><strong>sensu.</strong></span> 
     </span>
    </p>

    <p class='ocr_par' dir='ltr' id='par_1_9' title="bbox 188 3587 1284 4271">
     <span class='ocr_line' id='line_1_31' title="bbox 220 3587 1283 3660; baseline -0.005 -15"><span class='ocrx_word' id='word_1_237' title='bbox 220 3603 233 3637; x_wconf 65' lang='grc' dir='ltr'><strong>Ρ</strong></span> <span class='ocrx_word' id='word_1_238' title='bbox 253 3595 302 3652; x_wconf 84' lang='lat' dir='ltr'><strong>Qui</strong></span> <span class='ocrx_word' id='word_1_239' title='bbox 312 3597 426 3660; x_wconf 79' lang='lat' dir='ltr'><strong>metuens]</strong></span> <span class='ocrx_word' id='word_1_240' title='bbox 447 3597 512 3647; x_wconf 83' lang='lat' dir='ltr'><strong>Tota</strong></span> <span class='ocrx_word' id='word_1_241' title='bbox 522 3603 593 3646; x_wconf 81' lang='lat' dir='ltr'><strong>certe</strong></span> <span class='ocrx_word' id='word_1_242' title='bbox 604 3597 660 3646; x_wconf 79' lang='lat' dir='ltr'><strong>hac</strong></span> <span class='ocrx_word' id='word_1_243' title='bbox 671 3611 716 3660; x_wconf 87' lang='lat' dir='ltr'><strong>pe·</strong></span> <span class='ocrx_word' id='word_1_244' title='bbox 788 3603 801 3637; x_wconf 84' lang='lat'><strong>‘¹</strong></span> <span class='ocrx_word' id='word_1_245' title='bbox 818 3595 857 3647; x_wconf 85' lang='lat' dir='ltr'><strong>De</strong></span> <span class='ocrx_word' id='word_1_246' title='bbox 868 3591 934 3654; x_wconf 72' lang='lat' dir='ltr'><strong>cairo</strong></span> <span class='ocrx_word' id='word_1_247' title='bbox 944 3588 1048 3654; x_wconf 71' lang='lat' dir='ltr'><strong>occulo]</strong></span> <span class='ocrx_word' id='word_1_248' title='bbox 1073 3589 1125 3650; x_wconf 86' lang='lat' dir='ltr'><strong>Hic¹</strong></span> <span class='ocrx_word' id='word_1_249' title='bbox 1142 3587 1283 3640; x_wconf 78' lang='lat' dir='ltr'><strong>Anchisem</strong></span> 
     </span>
     <span class='ocr_line' id='line_1_32' title="bbox 189 3665 1284 3734; baseline -0.008 -12"><span class='ocrx_word' id='word_1_250' title='bbox 189 3671 276 3722; x_wconf 83' lang='lat' dir='ltr'><strong>riodns</strong></span> <span class='ocrx_word' id='word_1_251' title='bbox 283 3671 347 3720; x_wconf 89' lang='lat' dir='ltr'><strong>mire</strong></span> <span class='ocrx_word' id='word_1_252' title='bbox 358 3671 517 3734; x_wconf 84' lang='lat' dir='ltr'><strong>impeditset</strong></span> <span class='ocrx_word' id='word_1_253' title='bbox 526 3671 646 3723; x_wconf 77' lang='lat' dir='ltr'><strong>intricata</strong></span> <span class='ocrx_word' id='word_1_254' title='bbox 655 3673 717 3722; x_wconf 87' lang='lat' dir='ltr'><strong>mihi</strong></span> <span class='ocrx_word' id='word_1_255' title='bbox 756 3667 887 3724; x_wconf 77' lang='lat' dir='ltr'><strong>diuinandi</strong></span> <span class='ocrx_word' id='word_1_256' title='bbox 899 3668 1009 3731; x_wconf 85' lang='lat' dir='ltr'><strong>peritum</strong></span> <span class='ocrx_word' id='word_1_257' title='bbox 1019 3665 1135 3726; x_wconf 72' lang='lat' dir='ltr'><strong>inducit,</strong></span> <span class='ocrx_word' id='word_1_258' title='bbox 1153 3673 1182 3713; x_wconf 90' lang='lat' dir='ltr'><strong>ut</strong></span> <span class='ocrx_word' id='word_1_259' title='bbox 1193 3671 1220 3714; x_wconf 86' lang='lat' dir='ltr'><strong>et</strong></span> <span class='ocrx_word' id='word_1_260' title='bbox 1231 3679 1284 3714; x_wconf 88' lang='lat' dir='ltr'><strong>non</strong></span> 
     </span>
     <span class='ocr_line' id='line_1_33' title="bbox 189 3723 1283 3812; baseline -0.005 -18"><span class='ocrx_word' id='word_1_261' title='bbox 189 3747 302 3796; x_wconf 85' lang='lat' dir='ltr'><strong>videtur.</strong></span> <span class='ocrx_word' id='word_1_262' title='bbox 341 3745 384 3796; x_wconf 83' lang='lat' dir='ltr'><strong>Its</strong></span> <span class='ocrx_word' id='word_1_263' title='bbox 406 3754 491 3796; x_wconf 80' lang='lat' dir='ltr'><strong>iernen</strong></span> <span class='ocrx_word' id='word_1_264' title='bbox 513 3762 568 3796; x_wconf 79' lang='lat' dir='ltr'><strong>eam</strong></span> <span class='ocrx_word' id='word_1_265' title='bbox 591 3748 715 3812; x_wconf 83' lang='lat' dir='ltr'><strong>expedire</strong></span> <span class='ocrx_word' id='word_1_266' title='bbox 756 3746 834 3800; x_wconf 85' lang='lat' dir='ltr'><strong>semel</strong></span> <span class='ocrx_word' id='word_1_267' title='bbox 851 3745 944 3807; x_wconf 73' lang='lat' dir='ltr'><strong>virgil.</strong></span> <span class='ocrx_word' id='word_1_268' title='bbox 978 3741 1054 3792; x_wconf 88' lang='lat' dir='ltr'><strong>Unde</strong></span> <span class='ocrx_word' id='word_1_269' title='bbox 1072 3741 1146 3790; x_wconf 86' lang='lat' dir='ltr'><strong>Serv.</strong></span> <span class='ocrx_word' id='word_1_270' title='bbox 1165 3739 1197 3787; x_wconf 77' lang='lat' dir='ltr'><strong>sd</strong></span> <span class='ocrx_word' id='word_1_271' title='bbox 1217 3723 1283 3788; x_wconf 82' lang='lat' dir='ltr'><strong>illud</strong></span> 
     </span>
     <span class='ocr_line' id='line_1_34' title="bbox 189 3815 1283 3892; baseline -0.007 -20"><span class='ocrx_word' id='word_1_272' title='bbox 189 3821 341 3873; x_wconf 81' lang='lat' dir='ltr'><strong>tentabam:</strong></span> <span class='ocrx_word' id='word_1_273' title='bbox 371 3822 378 3848; x_wconf 93' lang='lat'>‘</span> <span class='ocrx_word' id='word_1_274' title='bbox 397 3821 439 3886; x_wconf 89' lang='lat' dir='ltr'><strong>qui</strong></span> <span class='ocrx_word' id='word_1_275' title='bbox 460 3821 579 3884; x_wconf 82' lang='lat' dir='ltr'><strong>(AEneas)</strong></span> <span class='ocrx_word' id='word_1_276' title='bbox 600 3832 715 3876; x_wconf 82' lang='lat' dir='ltr'><strong>metuens</strong></span> <span class='ocrx_word' id='word_1_277' title='bbox 757 3839 798 3876; x_wconf 77' lang='lat' dir='ltr'><strong>xl.</strong></span> <span class='ocrx_word' id='word_1_278' title='bbox 811 3821 911 3872; x_wconf 84' lang='lat' dir='ltr'><strong>AEneid.</strong></span> <span class='ocrx_word' id='word_1_279' title='bbox 929 3821 986 3872; x_wconf 79' lang='lat' dir='ltr'><strong>‘At</strong></span> <span class='ocrx_word' id='word_1_280' title='bbox 997 3827 1071 3887; x_wconf 81' lang='lat' dir='ltr'><strong>pater</strong></span> <span class='ocrx_word' id='word_1_281' title='bbox 1084 3815 1209 3866; x_wconf 82' lang='lat' dir='ltr'><strong>Anchises</strong></span> <span class='ocrx_word' id='word_1_282' title='bbox 1221 3830 1283 3892; x_wconf 81' lang='lat' dir='ltr'><strong>ocu·</strong></span> 
     </span>
     <span class='ocr_line' id='line_1_35' title="bbox 190 3889 1282 3962; baseline -0.004 -16"><span class='ocrx_word' id='word_1_283' title='bbox 190 3896 340 3946; x_wconf 81' lang='lat' dir='ltr'><strong>Graeoorum</strong></span> <span class='ocrx_word' id='word_1_284' title='bbox 359 3896 533 3954; x_wconf 61' lang='lat' dir='ltr'><strong>iracundinmi</strong></span> <span class='ocrx_word' id='word_1_285' title='bbox 546 3896 615 3960; x_wconf 82' lang='lat' dir='ltr'><strong>aprrd</strong></span> <span class='ocrx_word' id='word_1_286' title='bbox 635 3897 714 3951; x_wconf 83' lang='lat' dir='ltr'><strong>Ante·</strong></span> <span class='ocrx_word' id='word_1_287' title='bbox 756 3901 795 3952; x_wconf 79' lang='lat' dir='ltr'><strong>loe</strong></span> <span class='ocrx_word' id='word_1_288' title='bbox 808 3899 840 3948; x_wconf 85' lang='lat' dir='ltr'><strong>ad</strong></span> <span class='ocrx_word' id='word_1_289' title='bbox 851 3897 937 3962; x_wconf 79' lang='lat' dir='ltr'><strong>sidera</strong></span> <span class='ocrx_word' id='word_1_290' title='bbox 948 3898 1024 3948; x_wconf 76' lang='lat' dir='ltr'><strong>latur</strong></span> <span class='ocrx_word' id='word_1_291' title='bbox 1034 3889 1153 3951; x_wconf 78' lang='lat' dir='ltr'><strong>Extulit-⁹</strong></span> <span class='ocrx_word' id='word_1_292' title='bbox 1176 3892 1228 3946; x_wconf 79' lang='lat' dir='ltr'><strong>‘Et</strong></span> <span class='ocrx_word' id='word_1_293' title='bbox 1239 3892 1282 3945; x_wconf 89' lang='lat' dir='ltr'><strong>hic</strong></span> 
     </span>
     <span class='ocr_line' id='line_1_36' title="bbox 188 3965 1282 4040; baseline 0 -23"><span class='ocrx_word' id='word_1_294' title='bbox 188 3984 277 4019; x_wconf 88' lang='lat' dir='ltr'><strong>norern</strong></span> <span class='ocrx_word' id='word_1_295' title='bbox 297 3985 436 4034; x_wconf 83' lang='lat' dir='ltr'><strong>senemque</strong></span> <span class='ocrx_word' id='word_1_296' title='bbox 450 3979 586 4040; x_wconf 80' lang='lat' dir='ltr'><strong>parentem</strong></span> <span class='ocrx_word' id='word_1_297' title='bbox 605 3971 714 4034; x_wconf 76' lang='lat' dir='ltr'><strong>(nuent.</strong></span> <span class='ocrx_word' id='word_1_298' title='bbox 755 3983 783 4023; x_wconf 86' lang='lat' dir='ltr'><strong>et</strong></span> <span class='ocrx_word' id='word_1_299' title='bbox 794 3972 874 4034; x_wconf 86' lang='lat' dir='ltr'><strong>alihi‚&#39;</strong></span> <span class='ocrx_word' id='word_1_300' title='bbox 883 3972 976 4036; x_wconf 84' lang='lat' dir='ltr'><strong>iuquit,</strong></span> <span class='ocrx_word' id='word_1_301' title='bbox 987 3968 1141 4021; x_wconf 78' lang='lat' dir='ltr'><strong>‘Anchisem</strong></span> <span class='ocrx_word' id='word_1_302' title='bbox 1150 3965 1282 4018; x_wconf 74' lang='lat' dir='ltr'><strong>divinandi</strong></span> 
     </span>
     <span class='ocr_line' id='line_1_37' title="bbox 190 4042 994 4113; baseline -0.002 -19"><span class='ocrx_word' id='word_1_303' title='bbox 190 4046 249 4110; x_wconf 89' lang='lat' dir='ltr'><strong>sen)</strong></span> <span class='ocrx_word' id='word_1_304' title='bbox 266 4047 358 4112; x_wconf 72' lang='lat' dir='ltr'><strong>ogere’</strong></span> <span class='ocrx_word' id='word_1_305' title='bbox 371 4046 546 4111; x_wconf 83' lang='lat' dir='ltr'><strong>(decreverat,</strong></span> <span class='ocrx_word' id='word_1_306' title='bbox 561 4047 665 4111; x_wconf 86' lang='lat' dir='ltr'><strong>supple)</strong></span> <span class='ocrx_word' id='word_1_307' title='bbox 683 4049 715 4098; x_wconf 87' lang='lat' dir='ltr'><strong>de</strong></span> <span class='ocrx_word' id='word_1_308' title='bbox 755 4051 867 4113; x_wconf 86' lang='lat' dir='ltr'><strong>peritum</strong></span> <span class='ocrx_word' id='word_1_309' title='bbox 877 4042 994 4096; x_wconf 69' lang='lat' dir='ltr'><strong>inducit:</strong></span> 
     </span>
     <span class='ocr_line' id='line_1_38' title="bbox 191 4115 1280 4188; baseline 0.004 -22"><span class='ocrx_word' id='word_1_310' title='bbox 191 4120 263 4184; x_wconf 80' lang='lat' dir='ltr'><strong>cujus</strong></span> <span class='ocrx_word' id='word_1_311' title='bbox 286 4123 390 4173; x_wconf 75' lang='lat' dir='ltr'><strong>oraculo</strong></span> <span class='ocrx_word' id='word_1_312' title='bbox 417 4121 576 4176; x_wconf 71' lang='lat' dir='ltr'><strong>imminentia</strong></span> <span class='ocrx_word' id='word_1_313' title='bbox 596 4123 715 4185; x_wconf 81' lang='lat' dir='ltr'><strong>Trojanis</strong></span> <span class='ocrx_word' id='word_1_314' title='bbox 786 4125 863 4188; x_wconf 79' lang='lat' dir='ltr'><strong>¹[Al</strong></span> <span class='ocrx_word' id='word_1_315' title='bbox 874 4119 1021 4184; x_wconf 69' lang='lat' dir='ltr'><strong>Alexandro]</strong></span> <span class='ocrx_word' id='word_1_316' title='bbox 1039 4115 1280 4184; x_wconf 67' lang='lat' dir='ltr'><strong>npnrrbmltlex·</strong></span> 
     </span>
     <span class='ocr_line' id='line_1_39' title="bbox 189 4196 838 4271; baseline 0.008 -29"><span class='ocrx_word' id='word_1_317' title='bbox 189 4196 258 4250; x_wconf 79' lang='lat' dir='ltr'><strong>mela</strong></span> <span class='ocrx_word' id='word_1_318' title='bbox 272 4197 441 4266; x_wconf 65' lang='lat' dir='ltr'><strong>cognovisset,</strong></span> <span class='ocrx_word' id='word_1_319' title='bbox 458 4205 553 4268; x_wconf 77' lang='lat' dir='ltr'><strong>‘reque</strong></span> <span class='ocrx_word' id='word_1_320' title='bbox 567 4198 636 4271; x_wconf 82' lang='lat' dir='ltr'><strong>ultro</strong></span> <span class='ocrx_word' id='word_1_321' title='bbox 655 4212 715 4264; x_wconf 84' lang='lat' dir='ltr'><strong>sup·</strong></span> <span class='ocrx_word' id='word_1_322' title='bbox 755 4199 838 4252; x_wconf 87' lang='lat' dir='ltr'><strong>andri.</strong></span> 
     </span>
    </p>
   </div>
   <div class='ocr_carea' id='block_1_9' title="bbox 0 0 1580 4950">
    <p class='ocr_par' dir='ltr' id='par_1_10' title="bbox 0 0 1580 4950">
     <span class='ocr_line' id='line_1_40' title="bbox 0 0 1580 4950; baseline 0 0"><span class='ocrx_word' id='word_1_323' title='bbox 0 0 1580 4950; x_wconf 95' lang='lat' dir='ltr'><strong> </strong></span> 
     </span>
    </p>
   </div>
  </div>
 </body>
</html>
