3136 4948
463 387 719 452 unumunurn
744 391 855 445 nonar
881 393 1057 448 rnornnr.
1255 381 1301 454 ΑΒ

203 533 294 598 tinas
324 539 361 596 et
382 533 572 616 praedicens
594 531 737 611 Graecis,
751 543 1012 620 monensquent
1032 536 1178 620 lignenm
1204 539 1298 616 idum

204 635 337 718 Equum
361 641 552 704 exstruant:
582 635 771 700 Cassandra
792 635 1037 718 Agamemnoni
1058 650 1221 714 eventura
1242 643 1300 714 de-

200 737 355 812 nlarans:
377 737 521 821 denique
535 735 704 825 Cyclopes
725 745 760 804 et
782 739 1030 824 Lestrygonns,
1052 741 1249 828 Antiphates
1264 753 1300 814 et

202 837 446 927 Polyphemus,
461 839 558 904 Circe
566 846 600 903 et
609 838 775 924 Calypso,
789 841 960 926 Penelope
969 863 1048 913 oum
1058 860 1160 916 xxx.
1172 848 1298 930 penei..

201 937 291 1015 Hnee
305 940 417 1014 omnia
430 939 516 1008 satis
538 959 707 1023 superque
729 941 924 1020 ostendunt,
949 949 1117 1016 auctorem
1145 951 1296 1018 uuannrn

198 1037 357 1106 hausisse
380 1061 443 1116 sna
465 1040 679 1124 potissimum
702 1061 746 1106 ex
772 1042 1150 1128 Haemimontus
1171 1047 1296 1132 metu,

198 1141 291 1220 linet,
305 1142 419 1218 forsan
440 1141 525 1209 ulid
541 1140 740 1222 dissimulet,
755 1163 848 1228 ssepe
860 1145 950 1214 hand
972 1165 1093 1231 parum
1108 1149 1296 1228 immutata,

197 1249 268 1318 tum
287 1263 368 1311 nero
384 1266 405 1310 a
419 1243 485 1309 fide
501 1244 677 1311 Historioe
697 1245 856 1322 huminis,
869 1247 926 1331 qui
950 1251 1050 1314 rebus
1068 1253 1174 1334 gestis
1197 1253 1297 1320 inter·

195 1343 304 1422 fuerit,
319 1364 444 1430 easque
466 1345 677 1429 simpliniter,
699 1353 737 1414 nt
758 1357 865 1432 gestae
885 1356 990 1429 erant,
1012 1353 1205 1430 narraverit,
1223 1352 1296 1420 lon·

196 1447 387 1526 ommno

240 1563 337 1619 xxv,
359 1549 474 1625 Sedet
487 1569 552 1616 suo
574 1549 650 1633 ipse
672 1550 798 1616 indicio
822 1553 1051 1636 antiquitatem
1071 1554 1175 1632 illurn,
1191 1573 1295 1638 qaam

190 1649 313 1732 iaetus,
329 1651 552 1724 dimissimum
567 1653 745 1721 inmndum
755 1656 880 1736 passim
892 1655 1023 1720 refellit.
1047 1656 1127 1724 Huo
1143 1657 1295 1739 pertinet,

193 1753 287 1836 titud
301 1754 427 1836 ubique
442 1755 546 1823 etiam
568 1755 603 1826 in
618 1755 826 1828 orationibus
848 1754 1045 1825 Graecorum
1062 1758 1106 1822 ad
1127 1758 1292 1842 Trojano!

192 1852 289 1937 (ride
305 1871 345 1930 rr.
359 1856 413 1920 22.
430 1863 466 1922 ot
481 1872 539 1923 ιιι.
555 1856 608 1930 23.
624 1863 658 1920 et
680 1855 772 1940 apud
794 1855 955 1922 Mulelam
971 1855 1062 1942 158.)
1077 1859 1180 1922 hosce
1200 1857 1292 1924 roni-

194 1961 244 2028 lat
267 1957 446 2036 Barbaros,
468 1977 578 2041 eoque
597 1960 728 2027 nemine
745 1957 878 2027 Graecis
901 1961 1148 2042 epponiacus
1167 1979 1208 2026 ea
1222 1977 1291 2024 vox

192 2055 251 2124 illo
265 2066 356 2128 certe
371 2079 472 2132 sensu
487 2068 567 2132 tuno
583 2061 746 2143 temporis
761 2060 907 2131 nondum
922 2060 1023 2127 suerit
1038 2062 1073 2126 in
1088 2081 1165 2132 usu.
1190 2060 1290 2128 Unde

191 2161 414 2236 observarunt
424 2162 495 2244 jum
509 2163 590 2226 olim
606 2161 822 2244 Thucydides
840 2179 865 2224 1.
879 2163 912 2230 3.
935 2169 968 2225 et
989 2163 1110 2228 Strabo
1133 2161 1193 2227 liu.
1208 2177 1290 2228 xre.

191 2261 267 2328 661.
283 2265 343 2332 dre.
372 2284 416 2328 ne
437 2263 625 2328 Homerum
653 2262 801 2345 quidem,
831 2261 892 2343 qui
917 2267 1015 2347 tantq
1042 2266 1192 2344 tempore
1214 2269 1292 2344 post

192 2363 292 2441 vixit,
307 2383 374 2430 non
390 2363 691 2446 dinam'frojanns,
703 2362 763 2426 sed
779 2381 886 2444 neque
900 2361 991 2435 ullos
1007 2362 1105 2438 alins,
1115 2363 1289 2444 appellen

191 2463 374 2544 Barbaros,
390 2472 520 2542 tantum
541 2466 645 2532 semel
660 2463 766 2536 Caras
787 2463 898 2530 dicere
926 2460 1175 2549 βαρβαριφώνιυς.
1219 2464 1290 2550 Op-

90 2603 93 2610 ·
189 2567 316 2652 positio
332 2575 448 2636 autern
471 2568 587 2635 isthmo
604 2565 797 2640 Graecorum
814 2573 848 2633 et
875 2565 1097 2634 Barbarorum
1119 2565 1220 2648 longe
1235 2586 1290 2632 se·

190 2669 344 2750 nonfuit,
364 2691 429 2738 non
443 2669 599 2754 Trojanis
616 2676 746 2736 tantum
761 2668 979 2750 temporibus,
996 2667 1104 2733 sedet
1117 2669 1195 2751 ipen
1211 2668 1289 2736 Ho-

189 2789 289 2837 mero.
349 2772 471 2838 Strabo
487 2773 521 2840 d.
544 2775 566 2841 l.
581 2770 643 2834 εἶτα
659 2768 886 2856 aorrxpuor'rprd'
904 2778 938 2843 uls
955 2769 1049 2854 ἔθνιιιῷ
1067 2773 1148 2855 κοινῷ
1162 2770 1288 2851 ὀνόματι,

189 2874 414 2960 ἂντιδιαιροῑιηες
439 2875 506 2961 πρὸς
526 2880 576 2938 τοῦ
594 2870 755 2950 Ἕλληνας,
779 2867 921 2956 ‘postea
944 2872 1045 2936 abusi
1065 2870 1200 2941 snmus’
1222 2871 1287 2944 han

189 2977 314 3043 roceio
330 2977 433 3045 aliurn
447 2997 556 3056 usum,
573 2978 707 3044 scilicet
721 2984 759 3042 ut
774 2977 943 3045 Barbaros
957 2974 1056 3057 quasi
1072 2977 1083 3008 ‘
1097 2971 1287 3041 communi'

188 3075 253 3143 hon
277 3077 455 3149 ‘Gentium
483 3079 649 3146 venabulo
679 3079 959 3160 distingueremus
985 3094 1007 3138 a
1035 3075 1189 3148 Grandis!
1232 3077 1286 3150 Ea

187 3184 300 3250 tamen
315 3201 390 3249 num
405 3182 495 3266 opud
516 3188 663 3250 nostrum
679 3181 804 3262 Dintyrr
826 3179 872 3247 sit
892 3177 1171 3260 frequentissima,
1187 3197 1286 3244 neme

186 3299 252 3346 non
266 3281 366 3350 facile
387 3283 557 3366 intelligit,
578 3283 681 3351 fuisse
695 3301 775 3364 ergo
800 3281 895 3350 illum
918 3279 1071 3352 Homero
1086 3279 1184 3361 louge
1208 3299 1285 3366 pos·

187 3385 352 3451 tenerem.

230 3497 345 3551 xxvr.
368 3484 496 3554 Similis
511 3485 610 3568 pretii
639 3489 673 3548 et
694 3487 784 3549 notre
811 3489 874 3557 est,
904 3481 995 3564 quod
1026 3479 1288 3556 ‘Thessaliam'

186 3590 352 3649 memorat
374 3587 636 3651 v1.7.cumhoc
651 3603 770 3649 nomen
785 3603 826 3648 ne
852 3582 953 3648 fando
970 3581 1103 3665 quidem
1127 3581 1281 3654 audium

182 3686 285 3756 fuerit
305 3686 442 3772 Trojani
458 3688 536 3756 belli
552 3693 714 3772 ternpore.
760 3685 895 3752 Diserte
911 3683 1065 3752 Velleius
1080 3684 1281 3758 Paternulus

185 3805 208 3852 r.
223 3786 258 3858 3.
279 3788 515 3872 appellationis
529 3789 631 3873 hujus
647 3788 805 3870 originem
822 3787 867 3860 ad
881 3793 1015 3871 tempus
1029 3786 1172 3864 demum,
1186 3787 1280 3875 qnod

181 3888 245 3959 tuit
269 3896 347 3973 post
366 3889 505 3960 reditum
530 3889 786 3960 Heraclidarum
810 3890 845 3953 in
871 3890 1155 3972 Peloponnesum,
1171 3888 1280 3966 refert,

184 4009 262 4064 enm
276 4000 375 4081 antea
397 3993 669 4078 ‘Myrmidonum
690 3990 831 4060 civites'
853 4011 893 4056 ea
907 3991 1000 4072 regio
1027 3997 1063 4060 et
1085 4008 1166 4071 gens
1180 3988 1281 4060 fuerit

184 4093 365 4174 appellata.
409 4095 646 4178 Sutrjinittnnn
662 4095 828 4166 verbalia
844 4092 1007 4164 notanda:
1030 4089 1133 4168 ‘Qun
1147 4091 1280 4162 nomine

182 4192 294 4264 renati
308 4197 464 4264 convenit
477 4217 548 4279 eos,
564 4197 622 4282 qui
637 4197 745 4268 Iliaca
758 4200 1001 4280 componentes
1015 4199 1167 4274 tempora
1180 4191 1223 4258 de
1238 4211 1280 4258 ee
