3152 4950
295 342 362 413 246
650 360 809 409 nrouuos
834 359 1039 416 enurnnsrs

297 505 403 568 sedern
420 501 590 566 Minervae.
634 499 695 584 [7.]
717 500 854 566 Interim
869 503 1078 584 cognoscitur
1092 503 1128 566 in
1148 507 1318 586 apparatu
1335 521 1386 566 ro-

297 625 371 668 rum
385 603 566 666 divinarum
582 609 771 684 portentum
786 604 921 684 iugens:
937 623 1078 686 nemque
1088 601 1157 668 aris
1171 603 1389 685 composite¹¹¹
1423 687 1428 692 ¹

299 723 464 768 sacrorum
480 707 638 766 consuetu
660 721 740 766 mox
760 701 933 785 subjectus
952 704 1039 784 ignis
1054 724 1120 768 nou
1136 705 1392 788 comprehende·

297 824 345 880 re,
366 823 473 885 neque
491 811 716 878 consumere,¹¹
740 804 788 866 uti
805 809 914 880 antee,
935 804 995 868 sed
1012 805 1193 887 aspernari.
1237 803 1319 882 Qua
1336 809 1390 866 rel

297 905 421 968 turbati
435 905 627 987 populures,
639 905 736 970 simul
752 907 802 970 uti
816 905 916 969 fidem
930 907 1035 970 nuntii
1047 911 1229 986 noscerent,
1239 905 1282 970 ad
1298 923 1390 968 arem

296 1004 467 1088 Apollinis
489 1005 671 1083 conllnunt,
688 1015 788 1088 etque
808 1007 857 1068 ibi
874 1006 1095 1088 superpositis
1114 1013 1271 1070 extorum
1286 1005 1391 1086 parti·

295 1107 371 1183 bue,
387 1107 443 1170 ubi
458 1107 592 1173 flumme
611 1107 748 1171 admota
771 1115 836 1184 est,
856 1114 989 1190 repente
1015 1111 1133 1170 cuncte
1158 1127 1234 1189 queo
1257 1107 1392 1172 inerant

296 1205 493 1283 disturbata,
508 1208 551 1271 ad
567 1215 685 1271 terram
706 1207 885 1272 decidunt:
921 1227 988 1290 quo
1010 1207 1206 1289 spectaculo
1225 1207 1390 1290 perculsis

296 1314 398 1388 atque
415 1309 565 1372 attonitis
581 1310 733 1372 omuibus
748 1309 858 1372 subito
873 1311 946 1373 avis
961 1309 1098 1392 aquila⁰
1115 1307 1255 1372 stridore
1269 1326 1398 1390 mugno-

295 1407 444 1469 immittit
467 1427 551 1484 sese,
576 1415 680 1491 etque
706 1415 1009 1493 extorum'pertem
1028 1409 1139 1492 eripit,
1158 1427 1307 1490 moxque
1332 1426 1391 1482 su-

295 1507 481 1588 pervolans,
497 1509 539 1571 ud
556 1528 660 1572 neves
675 1507 869 1574 Graecorum
885 1511 1002 1592 pergit,
1017 1510 1132 1592 ibique
1147 1513 1276 1590 raptum
1293 1507 1392 1572 omit·

295 1607 347 1668 tit.
393 1605 434 1670 Id
459 1627 537 1670 vero
562 1610 695 1672 barbari
709 1629 783 1673 >non
801 1609 874 1690 jum
897 1611 973 1674 leve
998 1615 1055 1674 eut
1074 1609 1309 1684 incusentur
1329 1607 1390 1674 sed

793 1820 899 1870 NOTlE

299 1935 303 1960 ³
326 1938 343 1963 ¹¹¹
366 1929 425 1979 Aria
442 1932 579 1996 compositu]
607 1934 756 1994 Eleganter,
769 1947 822 1995 -pro
862 1930 887 1980 tt
919 1928 1022 1992 κλάγξας
1053 1928 1140 1978 refero
1166 1927 1259 1992 werpe?
1286 1925 1393 1988 ἀνέμοιο.

292 2005 423 2068 imposita,
454 2009 583 2070 ordinata,
610 2007 746 2068 collocato,
772 2011 822 2056 &o
862 2007 1021 2066 ‘Avlsenlm
1038 2005 1099 2068 ipsis
1115 2003 1393 2070 (Trojauis)auperve-

293 2081 336 2130 Sic
348 2082 439 2144 virgil.
452 2083 483 2129 de
496 2083 608 2144 Didone,
620 2097 675 2146 quae
689 2097 716 2130 se
728 2091 735 2112 ‘
746 2097 824 2130 aurea
864 2083 901 2130 ult
913 2083 1020 2130 transire
1033 2080 1186 2138 volentibus,
1196 2078 1289 2142 Aquila
1299 2080 1395 2129 altico·

295 2163 441 2223 composuit
453 2161 571 2224 sponda?
851 2155 928 2217 'lana,
941 2157 971 2205 ad
984 2157 1110 2205 sinistram
1123 2153 1246 2218 populum
1257 2149 1396 2210 coercens,

296 2241 301 2250 '
325 2245 337 2270 ¹
354 2239 411 2287 Νονι
432 2239 630 2300 comprehendere,
647 2251 720 2298 neque
740 2249 820 2284 consu·
863 2233 1031 2282 cruentatum
1050 2237 1196 2294 serpentem
1217 2237 1320 2293 gestans
1339 2245 1388 2279 nn-

294 2314 368 2375 mere]
386 2310 820 2376 Narncumignisancriliciumab·
862 2309 963 2372 guibus,
991 2309 1137 2369 immunem,
1169 2306 1273 2374 utrum,
1304 2305 1391 2356 adhuc

294 2389 421 2451 ¹sumebat,
439 2387 550 2436 ferretum
570 2394 642 2447 erat;
672 2393 699 2434 et
719 2392 818 2441 contra,
861 2379 1040 2448 palpitantem,
1050 2383 1093 2448 qui
1102 2383 1214 2432 noudum
1224 2382 1319 2432 oblitus
1331 2390 1391 2454 erat

293 2461 434 2511 infaustum
460 2469 488 2510 et
515 2461 606 2510 dirum.
639 2460 682 2509 Sic
710 2459 736 2506 iu
757 2459 818 2508 Vct.
859 2459 1391 2524 puguae3Percueslteulmipsamteueu·

292 2537 452 2587 Testameut.
469 2536 710 2599 Pseudoprophetas
722 2550 738 2584 a
755 2547 818 2584 vero
858 2543 910 2584 tem
922 2536 954 2586 ad
967 2541 1059 2600 pectus
1074 2537 1143 2584 circa
1153 2534 1256 2595 collum,
1267 2531 1391 2583 Redexua

293 2627 340 2662 suo
362 2613 498 2661 sacerdote
520 2611 631 2660 secernit
654 2612 726 2660 Deua
752 2610 817 2674 Opt.
859 2620 945 2662 retro:
963 2613 1007 2660 illa
1019 2617 1104 2661 nutem
1123 2625 1139 2660 a
1154 2624 1182 2658 se
1193 2609 1288 2658 dimisit
1299 2609 1325 2658 in
1338 2617 1391 2659 ter-

293 2687 401 2737 Maxim.
413 2687 479 2750 qnod
497 2687 582 2750 ignem
600 2686 679 2748 misit,
689 2687 731 2751 qui
747 2701 820 2736 vore·
860 2702 924 2744 ram,
940 2687 1036 2736 Dolens
1056 2685 1199 2748 doloribus,
1217 2685 1328 2734 medium
1343 2700 1391 2734 au-

292 2763 331 2812 rit
352 2763 528 2812 holocaustum
554 2762 696 2812 sacerdotis
718 2763 765 2823 rui,
793 2771 821 2812 et
861 2767 913 2810 tem
924 2762 1022 2826 dejecit
1034 2762 1059 2810 lu
1077 2767 1181 2816 cutum,
1193 2761 1306 2824 Ipsaque
1318 2761 1390 2809 clan-

292 2839 362 2900 ligna
374 2848 401 2886 et
419 2839 525 2900 lapides,
537 2839 666 2902 pulverem
683 2851 782 2900 quoque
793 2843 821 2886 et
861 2851 924 2902 gena
943 2839 1057 2887 avolavit
1072 2835 1178 2885 flatibus
1189 2833 1277 2884 renti.¹
1310 2835 1389 2886 Quod

293 2927 395 2976 aquam,
422 2929 480 2977 quae
508 2921 566 2962 erat
596 2915 623 2962 in
651 2911 821 2976 aquaeductu3
862 2921 1009 2974 portentum
1037 2911 1193 2974 Polydamas
1228 2909 1324 2958 ibidem
1351 2911 1390 2958 ita

293 2988 533 3050 pseudoprophetes
560 2993 644 3035 autern
670 3000 715 3049 per
736 2986 821 3048 iguem
862 2989 1065 3050 interpretatur:
1090 2986 1390 3050 ‘utaquileuuumaer-

292 3077 343 3110 nou
355 3063 496 3112 exaudivit.
518 3063 609 3111 Totam
621 3061 749 3111 historiam
761 3069 821 3126 pete
861 3070 965 3126 pentem
984 3062 1089 3122 dimisit,
1103 3069 1240 3125 antequem
1255 3061 1287 3110 ed
1299 3060 1389 3110 nidum

292 3139 387 3188 elibro
398 3138 476 3188 tertio
489 3139 552 3202 Reg.
563 3153 619 3201 cap.
631 3142 670 3188 18.
860 3153 933 3188 suum
953 3144 1138 3199 reverteretur,
1156 3149 1241 3200 neque
1255 3151 1313 3184 eum
1331 3150 1391 3200 por·

324 3215 413 3264 euru
432 3215 523 3278 aquile]
554 3214 653 3278 Nempe
675 3213 759 3279 aquila
780 3221 821 3264 est
859 3216 1107 3280 tarepotuitercem
1123 3213 1274 3278 prrllisauis,
1290 3215 1390 3262 sicuoa

294 3289 460 3354 adjectivum.
477 3285 544 3339 Tota
555 3282 639 3339 autem
648 3290 704 3340 lraec
714 3290 820 3340 historie
858 3292 1057 3355 Trojaui,etiam
1067 3291 1087 3339 si
1100 3296 1186 3352 portas
1196 3296 1222 3336 et
1231 3303 1331 3337 murum
1339 3287 1391 3337 Ar·

293 3365 326 3414 de
343 3365 507 3430 aqrrila,quoe
525 3372 642 3415 extorum
661 3371 759 3428 partem
780 3379 820 3414 ra·
861 3369 990 3419 chivornm
1009 3367 1152 3430 ruperimus
1173 3367 1265 3416 robore
1286 3381 1391 3429 magno,

292 3441 359 3504 pult,
373 3455 480 3504 eamque
492 3441 518 3489 in
531 3447 609 3490 naves
621 3441 772 3491 Graecorum
783 3440 822 3489 dl·
860 3444 1037 3506 cesseriotque
1049 3441 1149 3496 Achivi,
1160 3454 1209 3490 nou
1226 3448 1315 3490 tamen
1327 3455 1389 3490 curu

292 3517 414 3577 miniter
430 3517 506 3566 Hom.
516 3517 548 3566 Il.
560 3523 594 3565 Μ.
607 3517 760 3566 adumbrate
770 3525 820 3565 est.
860 3519 934 3568 laude
951 3533 966 3566 a
984 3517 1092 3566 naribus
1110 3523 1270 3566 revertemur
1285 3515 1390 3566 eaedem

292 3591 355 3652 Ejus
361 3591 445 3640 locum
454 3592 581 3654 integrum
589 3606 730 3653 apponam:
740 3591 821 3654 ὀρνιι
860 3595 915 3644 riae
927 3610 935 3654 ;
947 3593 1041 3643 multoe
1051 3591 1119 3641 euim
1127 3591 1301 3654 Trojauornm
1310 3592 1390 3642 relin-

291 3662 339 3727 γάρ
351 3671 409 3726 σφιν
424 3663 510 3721 ἐπῆλθε
526 3662 679 3726 περησέμεναι
693 3663 820 3726 μεμαῶσιν,
860 3682 976 3732 quemue,
991 3681 1054 3730 qum
1070 3665 1163 3719 Achivi
1178 3664 1249 3716 terro
1265 3665 1390 3717 interlici-

291 3737 374 3789 Alerlr
384 3737 506 3802 ὑψιπέτης,
521 3739 558 3786 ἐπ’
573 3739 683 3802 ἀριστερὰ
696 3741 757 3788 λαὸν
771 3739 818 3803 ltp-
860 3750 912 3800 eut,
924 3747 1114 3806 propugnantes
1123 3748 1184 3790 aute
1193 3741 1289 3792 navet)
1317 3745 1390 3796 Qua·

291 3832 350 3877 γον,
360 3813 487 3884 *orclem
497 3811 610 3875 δράκοντα
621 3812 697 3874 φέρων
707 3813 820 3877 ὀνύχεσσι
859 3832 888 3866 re
907 3819 1000 3880 Dictys
1017 3815 1103 3864 addit:
1121 3815 1170 3864 ‘ld
1187 3831 1250 3867 rero
1270 3816 1389 3866 barbaria

290 3891 406 3956 πέλωρον,
418 3889 488 3947 Zela,
501 3888 533 3937 ἔτ’
544 3887 696 3949 ἀσπαίροντα·
709 3888 747 3938 καὶ
757 3890 820 3938 οὔπα
859 3907 909 3942 nou
920 3893 974 3954 jam
986 3892 1043 3940 lere
1055 3896 1102 3940 eut
1112 3890 1137 3939 in
1154 3890 1275 3952 obscuro,
1286 3891 1332 3947 aed
1344 3907 1390 3955 pa·

290 3965 377 4024 λήθετο
394 3964 494 4028 χάρμης·
511 3963 576 4027 ttius
590 3962 637 4026 γὰρ
653 3963 723 4013 nterim
734 3963 821 4026 ἔχοντα
858 3969 909 4017 lem
922 3967 1091 4030 perniciosum
1102 3966 1228 4028 eredere,’
1238 3969 1289 4016 tro.
1436 4007 1439 4014 .

291 4043 353 4090 κατὰ
362 4043 449 4098 στῆθος
458 4039 727 4106 πορὲδειρῂν,’ῐδναθοὶο
736 4038 820 4088 ὀπίσω·
890 4049 903 4083 1‘
920 4041 1033 4102 Nonjum
1044 4041 1093 4092 leue
1103 4047 1145 4090 dut
1161 4041 1187 4090 t‘tt
1202 4041 1312 4104 nummo]
1336 4042 1388 4092 Re·

292 4117 305 4162 d
320 4117 341 4164 t·
353 4115 398 4165 dul
409 4114 460 4166 lter
472 4114 515 4176 ἧκε
525 4114 626 4179 χαμᾶζε,
636 4114 757 4176 Ἀλγήσοο
767 4114 820 4164 ὀδό·
858 4122 918 4180 pete
939 4131 955 4166 a
971 4117 1108 4171 communi,
1126 4115 1266 4166 ‘credere’
1299 4115 1395 4166 Series

292 4207 354 4256 rpus,
370 4189 433 4254 pluer
449 4192 468 4242 δ’
487 4192 520 4243 ol
537 4191 640 4250 κάββαλ’
651 4191 733 4256 ὁμίλῳ·
744 4191 820 4242 Auris
845 4197 915 4242 uest:
932 4191 1053 4242 ‘barbati
1070 4205 1131 4241 vero
1148 4204 1198 4242 non
1210 4191 1267 4253 jam
1284 4191 1311 4240 in
1328 4192 1386 4243 leve
