3178 4948
471 365 519 412 nn
543 363 661 412 suano
685 363 856 412 rnorsno
885 363 956 414 trs.
982 365 1022 415 rr.
1159 433 1163 444 Ι
1229 345 1294 414 tas

192 499 298 585 jubet.
343 501 430 581 Quis
450 504 617 586 ingressis,
631 504 775 587 Ulysses
798 505 977 570 secundam
1000 523 1142 570 exorsus
1168 503 1293 570 oratio·

197 601 304 680 nem,⁶
327 596 569 687 ¹iniquissimos
598 605 767 688 appellare
793 605 974 681 universos,
1004 625 1111 690 neque
1141 605 1294 692 dispares

197 700 429 768 Alexandri:⁸
451 707 576 788 quippe
599 707 656 788 qui
687 722 707 768 a
731 705 820 770 bono
839 705 1044 789 honestoque
1069 709 1189 790 elapsi,
1212 727 1293 772 auc·

199 809 308 871 turem
329 804 469 886 pessimi
489 807 675 870 facinoris⁷
698 812 930 889 sequerentur.
989 807 1111 890 Neque
1139 808 1293 891 ignorare

198 921 402 986 quenquam,
418 909 496 988 quin
512 907 543 970 si
559 914 629 970 tam
644 910 738 970 atrox
754 904 880 988 injuria
895 907 1069 989 probanda
1083 907 1138 984 sit,
1153 907 1224 972 fore
1247 909 1294 972 nti

198 1005 288 1080 malo
307 1006 464 1088 exemplo
479 1006 695 1071 disseminato
710 1027 770 1089 per
792 1009 964 1084 mortales,
985 1008 1081 1090 ipsos
1101 1008 1216 1084 etiam,
1234 1009 1292 1090 qui

198 1104 287 1170 haud
302 1106 400 1188 louge
423 1104 607 1184 abessent,b
633 1105 755 1172 similia
770 1117 830 1170 aut
845 1109 1000 1188 graviora
1014 1107 1107 1172 bisce
1121 1125 1296 1189 sequeren-

198 1211 265 1270 tur.
310 1207 363 1274 Ea
378 1213 415 1272 ot
428 1212 522 1272 eraut
535 1209 673 1285 abacia,
696 1209 809 1272 cuncti
832 1208 918 1274 inter
940 1227 978 1272 se
997 1207 1095 1274 taciti
1117 1207 1296 1290 reputare⁸

199 1307 333 1386 auim03
356 1313 453 1390 atque
477 1309 526 1370 ita
548 1307 737 1390 exemplum
761 1306 975 1390 hujusmodi⁹
997 1309 1223 1384 abhorrentes,
1244 1308 1296 1372 in-

198 1405 391 1488 dignatione
404 1427 512 1472 rerum
527 1408 723 1490 permoveri.
769 1409 855 1474 Dein
870 1410 970 1474 solito
993 1428 1085 1474 more
1109 1409 1295 1491 perrogatis

199 1508 361 1573 seniorum
378 1508 563 1584 sententiis,
576 1509 650 1590 pari
664 1527 831 1574 consensu
856 1509 1014 1587 omnium,
1039 1507 1230 1574 Menelaum
1245 1508 1296 1572 in·

199 1607 300 1690 digne
323 1627 458 1691 passum
481 1607 636 1692 injuriam
651 1609 851 1686 decernitur,
873 1611 947 1676 solo
970 1611 1114 1676 omnium
1141 1607 1296 1676 Antima-

199 1708 286 1786 eho,e
307 1709 342 1774 in
367 1711 502 1791 gratiam
528 1707 724 1789 Alexandri,
753 1711 955 1780 adversnm¹
985 1712 1196 1778 reclamante.
1239 1709 1293 1778 Ac

200 1809 327 1892 statim,
335 1810 394 1892 qui
409 1809 452 1874 de
468 1811 620 1876 omnibus
634 1811 823 1878 nuntiatum
835 1812 878 1878 ad
891 1813 1063 1878 Priamum
1076 1813 1295 1889 mitterentur,

200 1909 300 1974 electi
315 1909 401 1977 duo:
427 1910 541 1994 hique,
563 1913 648 1978 inter
670 1920 784 1983 catera
799 1931 874 1996 qum
893 1912 1056 1978 mandata
1072 1919 1180 1990 eraut,
1194 1909 1294 1978 etiam

199 2009 243 2074 de
255 2010 426 2094 Polydoro
439 2013 571 2078 docent.
616 2013 668 2078 Ea
682 2012 742 2080 ubi
757 2031 818 2078 rex
835 2015 979 2098 accepit,
989 2015 1132 2078 maxims
1147 2017 1296 2084 conster-

198 2120 300 2180 natus
315 2112 376 2176 tilii
390 2114 519 2190 nuntio,
539 2121 617 2180 ante
635 2133 696 2180 ora
711 2115 857 2178 omnium
880 2117 1013 2182 corruit.
1055 2112 1140 2198 [24]
1163 2110 1294 2176 Deinde

199 2229 221 2274 a
235 2213 526 2280 circumstantibus
540 2214 687 2278 relectus
708 2215 897 2296 paulisper,
910 2215 1063 2296 erigitur:
1084 2219 1184 2296 atque
1198 2211 1245 2274 ire
1260 2211 1295 2274 in

199 2314 372 2380 consilium
388 2315 538 2398 cupiens,
552 2316 618 2384 ab¹
639 2315 761 2397 regulis
772 2314 942 2380 cohibitus
955 2320 1019 2379 est.
1064 2313 1136 2396 lpsi
1152 2331 1295 2395 namque

198 2415 318 2492 relicto
341 2423 439 2499 patre
464 2422 663 2483 conventum
686 2413 901 2500 irrumpente
925 2416 969 2480 ad
992 2415 1027 2480 id
1051 2421 1205 2498 tempus⁸
1225 2433 1294 2496 quo

199 2513 452 2596 Antimachus,‘
464 2519 579 2584 multis
592 2519 628 2585 in
650 2517 885 2584 contumeliam
902 2517 1098 2584 Graeoorum
1120 2515 1294 2600 praejactis

98 2687 99 2690 Ἴ
200 2617 345 2698 probris,
359 2624 427 2684 tum
443 2619 577 2685 demum
591 2618 713 2685 dimitti
722 2617 913 2683 Menelaum
927 2619 1050 2696 aiebat,
1064 2617 1095 2680 si
1106 2614 1296 2700 Polydorus

657 2813 838 2836 OMOMO

198 2943 287 2993 amem
297 2950 449 2996 esurum—l
461 2945 557 3010 Delph.
566 2948 718 2998 scelesta-8
727 2947 824 3010 Delph.
833 2944 902 2995 tusiti
912 2948 1021 3008 reputare
1032 2943 1096 2991 ister
1102 2943 1185 2991 ευρ-0
1196 2907 1294 3000 Delplr.

201 3007 414 3068 brummout-l
433 3011 498 3060 Post
508 3013 638 3075 adeersum,
649 3013 715 3076 legit
727 3011 822 3076 Delph.
833 3011 985 3059 metm-2
1004 3006 1101 3070 Delplr.
1110 3007 1182 3055 s.-t
1199 3004 1294 3068 Delplr.

695 3167 803 3222 NOTAE

233 3290 245 3316 ²
259 3283 372 3348 Dispersa
381 3283 525 3346 Alexandri]
536 3283 588 3332 Hie
600 3282 679 3332 etiam
688 3289 730 3330 est
768 3279 897 3342 Helenus,
907 3276 1070 3340 Deiphobus,
1086 3272 1253 3338 Polydamas,
1268 3280 1297 3324 et

199 3357 317 3421 Ellipsis.
360 3356 519 3406 Subseditur
542 3357 621 3416 euim,
640 3355 732 3418 indoli,
767 3356 811 3404 atii
829 3355 918 3416 etiam,
932 3351 1088 3402 reddendam
1101 3349 1229 3398 llelsnsm
1245 3359 1296 3398 non

199 3433 375 3496 ingemuere.
739 3455 742 3462 ·
768 3429 919 3478 censebant.
961 3426 1012 3476 Sed
1034 3425 1120 3474 neseio
1140 3421 1297 3486 quiescerit

233 3507 245 3540 ¹³
257 3507 324 3568 Ipsos
333 3505 405 3553 stium
416 3507 456 3567 qui
466 3507 527 3554 baud
535 3506 730 3569 loageubesseat]
768 3505 817 3552 iste
830 3501 1016 3559 Antimachus;
1032 3499 1106 3562 eujus
1123 3509 1199 3548 nemo
1211 3498 1298 3547 memi-

200 3580 259 3642 Ait,
266 3579 287 3630 si
297 3577 438 3631 Alexandri
449 3575 546 3627 lacinus
560 3579 731 3642 approbetur,
769 3578 817 3637 nit,
835 3582 932 3638 prater
951 3574 1064 3638 Dietyrn.
1097 3573 1195 3622 Forsan
1207 3574 1298 3624 reseri-

201 3654 259 3704 fure
271 3661 299 3704 ut
311 3653 371 3702 olim
383 3653 432 3716 ipsi
444 3653 532 3714 etism,
544 3654 587 3716 qui
600 3653 730 3716 adessent,
768 3649 879 3702 bendum
897 3650 905 3677 ⁴
919 3645 1140 3708 Archemschu15'
1164 3647 1209 3712 qui
1231 3662 1297 3700 unus

202 3730 305 3791 similis,
316 3730 356 3778 vel
368 3729 445 3778 etism
459 3729 576 3792 graviora
587 3728 730 3793 perferant.
768 3728 866 3778 Priami
876 3724 985 3776 tiliorum
997 3723 1056 3774 fuir.

202 3807 261 3858 Non
281 3821 338 3854 amo
356 3804 418 3852 illud
429 3809 588 3868 sequerentur,
604 3803 644 3853 bis
662 3805 728 3867 pori·
800 3803 969 3854 “Geraestum
982 3800 1127 3866 immuunt]
1139 3797 1197 3848 Sie‘
1207 3799 1297 3850 irrum-

203 3889 258 3932 tum
271 3871 300 3931 'in
313 3879 364 3932 fine
375 3879 492 3943 periodi:
510 3880 658 3950 ‘sanctorem
671 3894 728 3942 pes·
769 3895 832 3945 pere
844 3877 950 3943 portas?
968 3877 1091 3928 ‘limina'
1107 3876 1182 3937 virg.

203 3957 262 4007 simi
279 3956 400 4006 facinoris
417 3963 588 4019 sequerentur
596 3954 613 4006 :’
628 3954 728 4018 ‘gravi
800 3965 811 3993 ⁸
827 3957 868 4007 Aa
881 3957 908 4006 id
923 3954 1025 4019 tempus]
1058 3951 1127 4002 Gall.
1144 3949 1193 4000 Sar
1209 3950 1231 3998 le
1245 3963 1296 3998 aru·

203 4029 528 4096 oratriceseqnerenmr:
768 4039 897 4094 meatque.
1108 4079 1111 4086 ,

235 4109 316 4157 asoto
334 4109 436 4156 maium
454 4105 608 4170 Antimacho]
626 4105 728 4164 Falsum
801 4105 995 4170 rearmatur]
1012 4096 1296 4154 assuesceretis·

205 4190 247 4238 est
265 4185 344 4236 sotum
363 4183 443 4234 saissa
456 4182 654 4244 Antimachum
671 4198 728 4234 nant
769 4190 857 4248 sopra.
930 4241 933 4246 Ι
