3136 4948
324 905 326 910 ·
437 910 542 998 un
592 912 846 1005 orori
897 916 1223 1029 camon,

533 1199 624 1270 EX¹
647 1205 884 1273 JOANNE
919 1209 1131 1277 VOSSIO

620 1377 669 1428 DE
685 1379 891 1431 HISTORICIS
907 1379 1051 1432 GRAECIS.

292 1837 496 1931 Quaruorr
517 1868 575 1932 isti
607 1867 649 1931 ad
667 1867 817 1952 Trojana
836 1873 989 1949 tempera
1011 1865 1201 1942 reseruntur,
1214 1862 1382 1947 Sisyphus

292 1965 399 2045 Gens,
428 1969 607 2046 Corinnae,
637 1969 745 2032 Dares
778 1969 956 2052 Phrygius,
982 1975 1016 2030 et
1052 1967 1172 2050 Dictys
1201 1965 1382 2031 Cretensis.

293 2067 461 2150 Sisyphus
488 2070 591 2146 Cons,
615 2078 655 2132 ut
680 2071 782 2146 aiunt,
810 2059 931 2133 Teucri
958 2068 1069 2132 scriba
1094 2067 1169 2144 fuit,
1199 2087 1238 2130 ac
1262 2083 1318 2129 res
1337 2064 1382 2127 ad

293 2167 395 2232 Ilium
417 2179 528 2250 gestas
557 2171 684 2252 primus
709 2169 816 2234 literis
839 2167 1064 2250 consignavit:
1088 2187 1132 2230 ex
1155 2186 1196 2231 eo
1215 2173 1325 2231 autem
1348 2171 1384 2227 ct

294 2267 398 2351 Dicty
413 2269 573 2347 Cretensi,
591 2271 761 2334 Homerus
784 2269 894 2334 hausit
908 2289 984 2351 quae
1006 2268 1148 2347 cecinit3
1171 2269 1201 2330 si
1219 2265 1384 2331 credimus

291 2365 417 2460 loanni
434 2370 547 2434 Meleli
564 2369 845 2452 chronograph03
868 2389 912 2433 ex
929 2371 997 2451 'quo
1013 2366 1045 2430 id
1060 2369 1157 2432 refert
1171 2367 1194 2432 J
1197 2385 1273 2432 oan.
1285 2365 1386 2430 Tuet-

293 2487 361 2544 ωε,
378 2469 465 2532 Chii.
480 2488 515 2531 v.
531 2470 624 2532 Hist.
638 2467 694 2532 29.

296 2593 299 2598 ·
337 2565 394 2628 Ab
410 2567 485 2630 aliis
508 2573 615 2630 autem
631 2567 759 2648 primus
774 2566 898 2631 dicitnr
913 2567 1090 2643 Corinens,
1105 2563 1299 2630 Palamedis
1313 2565 1385 2629 dis-

295 2665 441 2747 cipulus,
458 2667 596 2730 durante
612 2667 795 2730 etiamnum
811 2669 899 2731 bello
914 2667 1070 2750 Trojano,
1083 2665 1224 2729 Iliadem
1238 2665 1386 2728 carmine

296 2766 499 2841 modulatae,
523 2775 623 2848 atqua
645 2768 680 2830 id
703 2765 810 2830 literis
832 2769 964 2831 Derieis
988 2785 1008 2830 a
1030 2765 1210 2830 Palamede
1232 2765 1386 2828 inventis.

297 2857 449 2930 Dardani
460 2885 593 2948 qnoque
615 2887 759 2948 pugnarn
777 2869 940 2932 adversus
963 2867 1198 2950 Paphlagonas
1220 2883 1387 2947 exposue-

296 2967 356 3046 'rit3
379 2986 544 3049 omneque
560 2967 702 3048 poeseos
718 2987 790 3034 snae
807 2976 1030 3050 argumentum
1041 2987 1084 3030 cx
1095 2985 1135 3029 eo
1150 2965 1296 3029 hauserit
1310 2963 1387 3028 Ho-

297 3082 420 3140 merus,
431 3073 467 3130 nt
482 3069 584 3129 aiunt.
627 3065 759 3132 Auctor
768 3069 894 3134 Suidas
909 3070 943 3130 in
959 3064 1094 3150 Κόρωνος.

300 3189 304 3210 ¹
342 3167 450 3230 Dares
467 3151 816 3248 Phrygiae,‘saeerdos
829 3167 1060 3252 Trojanus,ah
1076 3167 1228 3231 Homero
1239 3165 1387 3230 celebra·

299 3273 353 3328 tur
368 3263 411 3328 Il;
434 3271 473 3328 Ε.
519 3267 602 3350 Ejus
626 3266 806 3349 Phrygiam
832 3267 975 3331 iliadem
997 3285 1060 3330 sua
1084 3271 1264 3332 etiamnum
1284 3272 1386 3330 aetate

277 3431 282 3442 ,
299 3368 465 3441 extitisse,
480 3369 529 3429 ait
543 3367 697 3430 AElianus
711 3368 770 3431 lib.
788 3383 842 3430 xr.
858 3366 938 3430 Var.
957 3367 1050 3430 Hist.
1065 3383 1141 3448 cap.
1164 3365 1217 3430 ll.
1261 3365 1314 3429 De
1329 3383 1388 3428 eo·

300 3467 373 3531 dem
403 3469 453 3532 sic-
477 3467 619 3530 Photius
647 3467 841 3531 Patriareha
864 3467 897 3529 in
921 3467 1082 3530 Biblioth.
1108 3465 1192 3530 Cod.
1212 3483 1305 3529 cxx.
1328 3467 1389 3529 uhi

247 3608 249 3612 ,
300 3577 463 3650 excerpta
472 3567 570 3631 affert
587 3585 630 3630 ex
640 3567 817 3633 Ptolemaei
832 3567 1087 3651 Hephaestionis
1102 3587 1191 3632 nova
1202 3567 1246 3631 ad
1261 3568 1389 3632 variam

301 3667 521 3730 eruditionem
535 3669 674 3732 historia
688 3685 696 3732 t

303 3775 306 3780 '
328 3749 522 3850 ’Ἂντίπατῂσς
537 3763 568 3828 δέ
580 3771 691 3842 onerat
714 3764 866 3845 Ἀκάνθιος,
882 3767 1002 3852 deipara
1018 3767 1070 3852 apl
1093 3766 1217 3851 Ὀμήρου
1232 3765 1391 3850 γράψαντα

301 3867 350 3943 τὴν
363 3865 483 3938 Ἰλιάδα,
502 3869 630 3949 μνήμονα
645 3867 774 3954 γενέσθαι
791 3868 939 3953 Ἕκτορος,
953 3869 1019 3953 ὑπὲρ
1033 3874 1082 3930 τοῦ
1096 3869 1135 3947 μὴ
1157 3869 1262 3929 &uraris
1283 3868 1391 3952 ἑταῖρον

301 3964 473 4050 Ἀχιλλέως,
494 3966 700 4051 ‘Antipater
715 3967 898 4033 Acanthius
924 3971 1032 4046 refert,
1050 3969 1217 4044 Daretern,
1240 3968 1391 4049 quiante

305 4067 486 4132 Homerum
497 4067 635 4158 Iliadem
651 4070 866 4152 conscripsit,
885 4070 1081 4132 monitorem
1096 4068 1199 4132 fnisse
1216 4067 1391 4146 Hectoris,

305 4175 539 4250 auctoremque
555 4188 595 4230 ne
610 4168 750 4233 Achillis
764 4172 890 4235 socium
902 4169 1124 4235 interimeret!
