3152 4950
452 381 501 430 ou
525 380 646 430 nunno
668 378 839 428 uuorsno
863 382 935 430 nro.
960 383 994 428 v.
1202 367 1267 432 24⁰

175 526 300 602 motum
320 523 432 616 forme
453 523 605 604 ingunti,¹
630 521 731 604 eujus
752 521 973 602 magnitudine
1000 520 1086 586 muri
1114 520 1268 586 solvendi

177 632 302 702 esseut,
318 609 483 694 annitente
497 629 597 706 atque
611 621 826 688 administro¹
840 621 1034 696 Antenore:
1052 623 1138 688 dein
1156 641 1268 688 recor·

177 729 279 816 datus
292 731 460 808 parentem
482 724 651 790 Priamum
672 721 889 806 residuosque
908 722 1038 802 fratres,
1060 724 1174 791 fletum
1196 725 1269 788 edit

177 809 412 902 miserabilem,
434 828 733 906 consternatusque
744 829 780 858 ²·
802 843 861 905 per
876 823 1024 889 dolorem
1039 831 1139 906 atque
1154 825 1269 890 obstu-

174 929 327 1014 pefactus
341 927 429 994 ruit·
463 925 558 990 Tum=
573 923 720 1008 Pyrrhus
742 923 919 996 collectum
941 942 1028 1000 eum,
1041 924 1268 1008 retentumque

177 1027 303 1106 animi?
318 1027 362 1094 ad
376 1047 414 1092 se
428 1025 578 1103 deducit,
594 1024 815 1106 custodesque
828 1025 934 1102 addit,
946 1026 1068 1090 ueritus
1077 1043 1269 1108 nequaper

177 1151 251 1202 eum
267 1129 418 1204 hostibus
434 1129 616 1210 quaegesta
631 1131 724 1189 eraut
739 1124 939 1206 patefierent.
998 1125 1100 1204 Quod
1116 1128 1173 1190 ubi
1195 1127 1267 1194 Hc·

175 1233 276 1303 lenus
286 1228 458 1313 persensit,
474 1227 637 1310 Pyrrhum
649 1226 698 1290 uti
718 1227 840 1292 bouum
855 1228 1003 1292 animum
1017 1233 1141 1308 gereret
1154 1228 1270 1292 horta-

175 1339 239 1410 tur,
254 1349 404 1397 securum
418 1329 482 1404 sui,
492 1334 762 1410 secretorumque
775 1347 783 1394 ι
797 1347 940 1412 namque
954 1349 992 1394 se
1006 1347 1085 1394 cum
1100 1345 1151 1402 eo,
1168 1332 1268 1396 etium

175 1437 255 1514 post
283 1429 605 1512 paulae-,excidium
626 1429 742 1492 multis
770 1429 1050 1511 tempestatibusc
1078 1431 1111 1494 in
1133 1429 1270 1496 Graeciu

176 1537 390 1604 uenturum.
430 1530 564 1614 Itaque,
579 1535 617 1594 ut
632 1527 766 1596 Heleno
780 1529 962 1610 placuerat,
980 1530 1084 1594 multe
1103 1530 1269 1608 materies,

176 1639 253 1714 quae
269 1637 350 1714 apta
363 1631 550 1715 hujusmodi
564 1629 701 1695 fabricae
718 1628 901 1708 videbatur,
916 1651 977 1714 per
998 1627 1144 1715 lipium‘¹
1166 1637 1268 1713 etque

175 1731 320 1814 Macem
349 1731 439 1798 Oilei
466 1732 621 1801 advecta.
665 1729 751 1813 [ru]
788 1731 921 1796 interim
944 1721 1131 1798 'firmatores
1156 1737 1269 1812 pectre

175 1833 272 1914 pucis
286 1833 330 1898 ud
343 1832 479 1917 Trojaru
494 1839 585 1909 eunt,
600 1831 716 1896 decem
730 1831 812 1895 lecti
827 1831 943 1908 duces,
960 1831 1150 1906 Diomedes,
1166 1831 1270 1912 Ulys-

177 1949 242 2010 ses,
252 1931 464 2012 idomeneus,
473 1929 798 2017 AjaxTelamonius,
806 1929 942 2007 Nestor,
951 1930 1130 2007 Meriones,
1140 1929 1270 2007 Thoas,

177 2030 376 2112 Philoctete,
392 2033 649 2119 Neoptolemus,
662 2040 764 2114 atque
778 2030 956 2113 Eumelus:
973 2051 1057 2114 quos
1071 2032 1129 2094 ubi
1143 2031 1180 2094 in
1192 2031 1268 2096 furo

178 2132 438 2202 animadvertere
461 2136 652 2220 populares,
678 2133 750 2198 laeti
773 2133 903 2200 animos
924 2132 1053 2208 tollunt,
1076 2130 1176 2202 duem
1194 2131 1269 2215 jam

643 2327 822 2349 ΜΙΜΝΝΟ

178 2475 221 2524 pe
232 2464 290 2525 post
297 2464 424 2524 gnra-u
441 2461 534 2525 Dslplr.
545 2463 673 2512 antec-1
692 2459 791 2524 Delph.
800 2457 968 2509 minianu-2
985 2455 1123 2506 omittitur
1135 2456 1160 2504 in
1173 2457 1270 2520 Delph.

670 2653 779 2707 Nom

209 2784 329 2846 1Ιίᾳιιιιιιι
339 2781 701 2844 ugnosatresaunnsormase-
739 2783 827 2846 Troje.
860 2781 924 2839 Aut,
944 2797 958 2829 e
975 2787 1062 2830 monte
1082 2779 1191 2843 Hippio,
1210 2789 1271 2842 port

176 2857 255 2922 genti]
271 2858 343 2922 Virg.
360 2871 392 2906 rr.
408 2857 466 2908 AEn.
490 2857 594 2908 ‘Instar
610 2855 702 2908 montis
740 2874 816 2924 quem
828 2873 856 2908 se
867 2857 1055 2908 absconderent
1067 2855 1170 2906 Graeoir
1197 2854 1266 2904 unde

177 2947 279 2998 equum,
296 2932 383 2982 diviua
400 2932 512 2984 Palladis
529 2939 593 2995 erte,
612 2933 701 2982 AEdili·
740 2942 767 2986 et
778 2927 869 2985 nllirdit
881 2943 887 2964 ⁴
897 2937 976 2983 instar
986 2933 1078 2982 moritis
1089 2929 1199 2996 equum-⁹
1215 2929 1271 2981 Aut

178 3015 249 3071 eant,
266 3017 388 3072 sectoque
407 3008 528 3058 intexunt
542 3007 628 3058 abiete
645 3024 700 3058 cos·
743 3025 834 3061 revera
844 3011 892 3060 hoc
904 3007 961 3072 fnit,
973 3009 1040 3074 quod
1052 3007 1175 3072 Virgilius
1186 3007 1272 3070 sequi·

179 3083 238 3136 toa'
269 3082 321 3132 Ubl
336 3083 455 3132 Serviusr
478 3083 525 3132 ‘ut
543 3083 661 3147 Hyginus
675 3091 703 3134 et
743 3085 802 3138 tun’
834 3087 975 3148 vulgatum
991 3083 1140 3147 opinionem
1157 3080 1270 3143 deeque

177 3159 282 3210 Tubero
297 3160 393 3214 dicunt,
409 3159 638 3209 machinamentum
650 3160 703 3208 bel·
744 3161 902 3226 aliquantum
924 3159 1060 3206 immutare
1081 3155 1162 3204 uoluit
1188 3153 1272 3203 Pare·

178 3236 255 3284 licum
264 3234 314 3284 fnit
316 3233 399 3298 ,qnod
410 3249 491 3298 equus
501 3235 664 3298 appellatum
675 3239 704 3284 ut
744 3235 853 3300 plinton
870 3233 916 3283 sed
926 3231 1020 3294 frigide
1032 3241 1093 3278 sone
1104 3236 1131 3278 et
1142 3231 1240 3292 inepte.

179 3311 245 3360 aries
256 3316 282 3359 et
293 3308 396 3360 testudo
398 3311 506 3375 ,quibus
518 3312 584 3360 rnuri
601 3313 641 3361 rel
653 3311 704 3361 dir·
775 3305 985 3368 ⁸Corneto-nutus]
997 3304 1149 3368 Ιιιιιιιιοιιι,ι
1158 3311 1271 3353 conster-

178 3387 242 3441 cnti,
261 3385 302 3432 vel
324 3383 412 3433 subrui
434 3387 525 3436 solent.
559 3387 634 3436 Unde
654 3396 703 3452 est,
741 3383 886 3450 natusque!

177 3467 237 3508 ·eut
248 3459 322 3506 lraee'
316 3473 341 3506 ru
350 3469 451 3508 nostros
461 3457 589 3510 febriente
600 3467 640 3510 est
650 3477 703 3511 rne-
773 3461 785 3495 ὓ
802 3461 969 3522 Medumque
976 3453 1063 3520 ains]
1075 3457 1170 3510 Gracc
1180 3433 1271 3516 forme,

178 3537 255 3588 cirine
273 3533 375 3583 muror'
408 3533 447 3584 Ut
464 3537 517 3600 elii,
531 3543 616 3600 portu,
627 3551 708 3602 quem
743 3527 926 3586 endintellects
954 3533 1055 3584 seilicet
1088 3525 1276 3596 propositione

179 3613 217 3662 eis
234 3609 354 3660 Antenor
370 3608 482 3672 spernit,
499 3625 593 3674 equom
614 3610 704 3662 hebuit
743 3611 780 3673 tr,
793 3622 850 3674 qnae
864 3605 1003 3673 genitivum
1014 3603 1126 3656 asciscit.
1159 3605 1209 3654 Vel
1225 3621 1271 3668 po·

178 3681 293 3751 pictum·
321 3683 448 3746 nonnulli,
467 3683 565 3748 riguum
582 3685 643 3752 eqni
659 3686 703 3737 de·
744 3687 805 3746 tine,
827 3690 856 3734 nt
875 3681 977 3746 optime·
992 3681 1125 3744 Sanctius,
1140 3679 1270 3732 ‘reiectus

176 3767 243 3824 tum,
261 3765 292 3809 ut
312 3759 520 3808 internoscerent
542 3761 628 3812 Greci
646 3767 704 3812 suos
744 3759 841 3821 culmi?
860 3757 976 3822 snpple‘
986 3755 1098 3820 ιιιειιιοςι
1124 3771 1175 3822 quo
1196 3755 1290 3806 modo»

179 3837 221 3885 nel
246 3835 340 3884 hostes.
374 3832 571 3898 Aquibusdurn
598 3835 704 3895 dicitnr,
745 3835 929 3899 apudanret.
941 3849 977 3884 vr.
1001 3833 1178 3884 ‘Perturbets
1193 3831 1270 3914 smmi

178 3907 249 3962 i'rcta
266 3909 411 3978 proditione
429 3909 582 3973 pradictum
598 3925 629 3960 ne
647 3911 704 3976 quis
743 3925 815 3962 mens
827 3911 853 3959 in
864 3923 973 3959 ruoerore
985 3904 1123 3973 metuque.¹

179 3999 222 4036 ess
238 3986 326 4037 domos
342 3984 461 4047 violaret,
472 3994 578 4050 querum
590 3995 650 4036 ante
661 3987 704 4050 je·
774 3993 787 4022 ⁰
802 3986 889 4052 Mettis
899 3981 1086 4049 tempestatibus]
1108 3983 1172 4045 Pro,
1187 3981 1270 4032 multo

180 4076 256 4112 uuam
267 4076 349 4127 equus
366 4067 434 4126 esset
445 4061 580 4126 depictos;
597 4061 704 4114 undeet
744 4047 869 4125 tempore.

181 4133 318 4186 Antenoris
329 4143 356 4186 et
368 4139 513 4185 ceterorum
525 4135 618 4200 agnitae
636 4145 703 4188 runt.
774 4135 787 4170 ⁴
803 4135 853 4186 Per
865 4133 966 4198 Epium]
980 4133 1072 4199 virgil.
1089 4135 1140 4184 ‘Et
1153 4135 1209 4199 lpse
1218 4135 1269 4186 doli

181 4209 246 4272 Aut,
262 4211 321 4275 quie
337 4209 452 4276 equestri
469 4211 558 4276 prelio
578 4213 646 4262 victa
663 4214 707 4262 est
744 4211 883 4274 fabricator
895 4208 1000 4275 Epeos?
1086 4220 1088 4230 ¹
