3112 4950
462 354 511 400 nu
537 351 667 400 exero.
690 345 818 402 rnorn
842 354 987 404 ursron.
1200 341 1265 404 335

176 518 212 564 se
227 501 262 564 in
275 497 341 561 fido
357 496 549 579 astringunt.
594 495 754 574 Antenor,
773 501 810 560 ut
823 495 955 560 vidit'se
971 499 1175 576 obstrictum,
1189 501 1266 563 mit·¹

174 603 214 664 tit
229 600 272 663 ad
292 599 439 675 Alincum,
455 597 584 675 dicens,
600 596 804 680 prodendam
821 615 897 660 csse
913 597 1067 678 patriam,
1082 603 1117 660 et
1131 599 1196 662 sibi
1211 619 1266 664 su-

174 703 273 783 isque
288 699 472 764 cavendum
485 717 582 762 esse:
604 699 650 774 ad
672 695 959 779 Agamemnonem
982 697 1023 760 de
1045 698 1096 760 his
1122 699 1266 782 aliquem

158 790 370 865 'mittendum
385 819 481 863 esse:
505 817 582 864 nam
597 818 704 882 regem
720 798 840 863 iratum
854 797 894 862 de
909 797 1051 862 concilio
1072 801 1266 878 surrexisse,

176 903 257 984 quia
271 901 308 964 ei·
319 919 438 988 pacem
454 901 618 966 suaserit:
640 900 745 970 vereri
769 919 806 962 se
826 919 868 963 nc
883 898 963 981 quid
976 898 1057 962 nori
1071 899 1202 962 consilii
1216 901 1267 964 iu·

175 1009 241 1066 eat.
284 1001 409 1084 Itaque
423 1021 541 1066 omnes
554 1001 768 1085 promittunt:
785 1001 964 1082 statimque
980 997 1267 1080 Polydamantem,

176 1104 234 1186 qui
249 1122 293 1166 ex
304 1103 357 1167 his
371 1123 457 1167 unus
473 1102 609 1180 erat,ad
620 1098 906 1182 Agamemnonem
922 1100 1009 1162 clam
1024 1099 1167 1164 mittunt.
1180 1158 1183 1165 ,
1199 1099 1268 1164 Po-

175 1203 332 1286 lydamas
361 1203 396 1266 in
425 1212 535 1268 castra
554 1201 765 1284 'Argivorum
794 1200 953 1282 pervenit,
990 1196 1268 1282 Agamemnonem

176 1305 341 1381 convenit,
367 1304 519 1387 dixitque
547 1323 589 1368 ea
612 1323 688 1387 quoe
714 1301 786 1366 suis
813 1302 1008 1384 plncerent.⁷
1063 1300 1146 1382 [tu]
1178 1300 1269 1384 Aga·

162 1422 331 1468 ‘memnon
356 1403 443 1467 clam
465 1407 561 1467 nocte
583 1421 698 1466 omncs
722 1402 824 1466 duces
844 1402 878 1464 in
897 1401 1072 1466 concilium
1094 1411 1269 1480 convocat,

176 1504 274 1569 refert
287 1505 427 1569 eadem:
451 1504 532 1586 quid
548 1505 670 1586 cuique
686 1503 848 1580 videatur,
872 1502 982 1566 dicere
999 1503 1110 1586 jubet.
1154 1501 1270 1568 Omni·

177 1606 242 1668 bus
258 1605 416 1688 placitum
431 1610 493 1680 est,
513 1610 549 1670 ut
571 1603 654 1667 fides
677 1604 900 1685 proditoribus
926 1610 1082 1667 servetur.
1125 1601 1269 1686 Ulysses

176 1707 350 1778 etNestor
365 1707 470 1770 vereri
486 1725 522 1768 se
538 1705 667 1780 dixere,
689 1705 776 1767 hanc
796 1704 1009 1766 temeritatem
1032 1703 1152 1766 subire.
1201 1704 1271 1767 Ne·¹
1341 1711 1344 1722 '

178 1807 364 1888 optolemus
379 1825 439 1868 eos
455 1804 588 1868 refutat.
624 1806 714 1870 Dum
729 1807 811 1868 inter
826 1822 862 1866 se
877 1809 1016 1878 certant,
1032 1803 1193 1884 placitum
1208 1811 1270 1880 ost,

177 1889 309 1986 signum
322 1924 343 1968 a
357 1903 602 1986 Polydamante
612 1903 739 1984 exigue
763 1909 798 1965 et
811 1901 961 1982 idipsum
980 1921 1040 1984 per
1054 1901 1210 1966 Sinonem
1227 1903 1270 1966 ad

178 2007 334 2082 AEneam,
349 2003 541 2080 Anchisem,
564 2009 600 2066 et
620 2003 821 2068 Antenorem
836 1997 952 2065 mitti!
996 2003 1097 2066 Sinon
1122 2002 1166 2066 ad
1187 2002 1270 2066 Tro·

173 2105 248 2188 jam
271 2104 504 2188 proficiscitur.
547 2105 591 2168 Et
605 2105 685 2188 quie
707 2104 852 2169 nondum
872 2104 987 2168 claves
1009 2109 1114 2186 portae
1131 2103 1271 2186 Amphi·
1346 2131 1349 2138 ·

178 2205 290 2268 machi
305 2205 501 2271 custodibus
515 2205 648 2269 traditae
661 2211 765 2282 erant,
783 2206 879 2286 signo
896 2203 977 2267 dato
999 2203 1116 2280 Sinon,
1137 2205 1271 2266 nomine

159 2322 162 2331 ·
178 2305 307 2382 AEneae,
322 2311 356 2369 et
370 2303 542 2380 Anchisae‚
555 2312 591 2367 et
605 2303 785 2367 Antenoris
801 2303 929 2378 audito,
943 2301 1165 2380 confirmatus,
1178 2301 1270 2384 Aga·

178 2407 342 2468 memnoni
360 2407 536 2470 renuntiat.
580 2405 676 2468 Tunc
690 2403 851 2486 placitum
867 2410 918 2466 est
941 2403 1107 2480 omnibuS,
1129 2409 1168 2464 ut
1188 2400 1272 2464 fides

179 2505 321 2581 daretur,
350 2511 384 2569 et
408 2505 630 2592 jurejurando
657 2505 910 2582 confirmaretur,
938 2502 1110 2578 Antenori,
1128 2501 1271 2578 ¹AEueae,

179 2599 1271 2689 Ucalegoni,Polydamauti,Boleoi,suisqueparentibnS,liberis,†v

179 2703 458 2788 conjugibusque,
481 2711 515 2768 et
534 2705 790 2786 consanguineis
810 2702 1020 2785 propinquis,
1034 2708 1068 2764 et
1082 2699 1199 2764 amicis
1213 2701 1273 2782 qui

180 2823 248 2868 una
271 2805 526 2888 conjurassent,8
549 2807 701 2868 omnibus
716 2804 815 2867 fidem
829 2803 993 2886 praestari,
1016 2819 1142 2885 suaque
1158 2799 1272 2863 omnia

180 2923 276 2969 sacra
286 2912 300 2940 ¹²
316 2913 351 2969 et
365 2907 454 2970 bona
466 2905 651 2969 incolumia
664 2903 787 2968 hebere
798 2904 908 2968 liceat.
941 2901 1020 2966 Hoc
1036 2905 1136 2982 pacto
1152 2899 1272 2983 confir·

637 3065 650 3085 Ι
653 3065 815 3086 ”nuncu

213 3160 228 3206 i
247 3157 343 3206 Omnes
362 3171 436 3206 voces
452 3156 546 3204 desunt
565 3156 598 3204 eb
616 3155 814 3216 Agamemnonem
830 3157 954 3220 usquead
969 3161 1090 3220 placerent
1105 3157 1131 3204 in
1141 3156 1272 3218 Delph-

181 3222 196 3251 *
214 3222 286 3270 Misit
298 3221 440 3283 Delph.—†
455 3220 551 3268 Liberis
561 3219 659 3268 omittit
672 3220 819 3281 Delph.-8
836 3220 945 3269 Omissis
957 3223 1063 3270 vocibus
1073 3224 1097 3267 et
1108 3219 1199 3282 amicis,
1208 3219 1272 3282 legi·
1300 3279 1301 3282 Ἴ

183 3293 226 3341 tur
236 3299 288 3334 enm
297 3285 332 3334 eis
342 3285 383 3349 qui
397 3298 444 3333 erno
454 3286 633 3332 commemorent
644 3282 671 3330 in
682 3283 776 3346 Delph.

676 3443 783 3494 NO'l'AE

213 3549 232 3574 ¹¹
248 3538 633 3603 SignemePolydonanteerigi]
645 3539 707 3588 Vel·
746 3539 864 3588 Sinonem
875 3537 1008 3598 miserunt,
1018 3536 1060 3601 qni
1072 3535 1145 3600 signo
1155 3534 1200 3584 illo
1212 3535 1272 3584 doto

183 3618 233 3666 lem
252 3615 360 3664 dixisset
380 3617 474 3674 Dares,
489 3615 558 3678 quod
577 3616 675 3676 signum
692 3628 708 3662 e
747 3613 779 3662 eb
790 3612 880 3675 AEnee,
895 3610 1017 3666 Anchise,
1028 3617 1055 3659 et
1066 3607 1199 3660 Antenore
1212 3625 1272 3672 cog·

183 3690 371 3753 Polydamante
383 3689 470 3738 Graeci
490 3690 622 3750 petierint,
640 3688 708 3752 quod
747 3688 903 3744 uitus.intre
922 3693 1010 3750 portas
1028 3685 1131 3750 quidem
1151 3693 1272 3748 receptus

183 3775 274 3829 postea
298 3779 344 3827 per
365 3765 483 3812 Sinonem
507 3763 539 3811 nd
557 3765 663 3813 AEneam
682 3767 709 3812 et
748 3777 798 3812 non
814 3760 874 3825 fuit,
889 3762 949 3826 quia
965 3761 1078 3810 nondum
1094 3758 1273 3822 Amphimaehi

183 3842 342 3906 Antenorem
353 3839 454 3888 misere.
487 3839 527 3886 Ex
544 3835 710 3900 sequentibus
749 3839 897 3888 custodibus
912 3835 1136 3888 clerestraditaer
1163 3833 1210 3884 sed
1230 3833 1272 3884 AE.

184 3917 277 3982 conjici
284 3923 380 3979 potest,
389 3915 602 3980 Polydamantem
609 3914 710 3976 signum
749 3927 815 3975 ueae,
837 3913 955 3963 Anchisen
973 3917 1001 3961 et
1019 3909 1160 3960 Antenoris
1178 3923 1272 3960 nomeu

184 3994 246 4042 illud
259 3991 370 4048 dedisse,
379 4004 429 4054 qno
438 3989 529 4054 quiris,
541 4005 557 4038 a
567 3987 667 4038 Grecis
677 3987 710 4038 ad
750 3989 858 4050 audivit,
869 4004 918 4054 quo
930 3989 1006 4050 plane
1018 3984 1181 4036 confirmatus
1193 3992 1242 4034 eet.

183 4069 284 4131 Troiam
296 4069 397 4128 missos,
414 4066 482 4114 intre
501 4064 595 4114 moenie
611 4063 711 4125 recipe·
781 4071 793 4097 ⁵
811 4061 1077 4126 Sesqueomnioeocro]
1093 4059 1191 4122 Singuli
1202 4059 1271 4110 enim

184 4151 265 4194 retur.
298 4144 374 4196 Quod
390 4149 418 4193 nt
429 4139 611 4206 experirentur
622 4139 709 4188 Greci
750 4137 818 4188 eires
830 4151 875 4187 ena
885 4135 934 4186 sibi
946 4135 1049 4200 propria
1060 4147 1133 4184 saera
1143 4131 1272 4184 custodie·
