3152 4950
455 383 504 432 un
528 381 841 432 nunnoroomno
866 383 938 433 ure.
961 384 1011 433 vr.
1214 368 1281 438 267

185 525 379 594 Corinthum
391 526 544 607 agebam
560 525 671 590 tradit.
714 523 767 589 Eo
782 525 968 591 Diomedes
981 527 1142 610 expulsus
1153 537 1279 610 regne·

185 635 221 690 et
249 626 406 690 Teucer⁰
424 626 608 708 prohibitus
630 625 806 692 Salamina
830 647 852 690 a
878 626 1070 704 Telamone,
1099 628 1189 710 quod
1213 629 1281 694 sra-

187 733 271 793 trem
300 727 433 792 insidiis
456 727 718 794 circumventum
740 747 809 792 nou
829 727 1047 806 defendisset,
1070 730 1279 795 conveniunt.
1368 807 1372 821 1

187 829 324 892 interim
340 828 562 894 Mnestheus¹1
581 849 660 894 cum
675 830 795 894 AEthra
814 835 848 894 et
868 828 1027 913 Clymene
1046 829 1117 894 filia
1138 829 1213 912 ejus
1235 833 1279 896 ab

186 928 452 995 Atheniensibus
466 930 644 1012 recipitur:
669 929 891 1012 Demophoon
912 936 1011 1012 atque
1026 927 1211 994 Athamas⁹
1232 932 1280 996 so·

185 1031 231 1094 ris
254 1035 398 1116 manent.
442 1026 595 1094 Ceterum
624 1030 684 1094 ubi
707 1029 829 1112 plnres
855 1049 982 1107 eorum,
1007 1031 1066 1112 qui
1088 1038 1278 1109 evaserant,

162 1129 279 1214 ,apud
295 1127 487 1194 Corinthum
500 1128 603 1207 fuere,
619 1138 754 1208 cavent,
776 1131 825 1196 uti
842 1131 952 1214 juncti
972 1131 1060 1194 inter
1082 1151 1132 1208 se,
1151 1131 1280 1214 singola

188 1231 434 1314 aggrederentur
447 1249 562 1313 regna,
576 1232 730 1316 belloque
746 1233 872 1298 aditum
884 1233 929 1297 ad
941 1251 1024 1296 suos
1042 1231 1279 1316 patefacerent.
1308 1225 1319 1246 ⁴

185 1332 272 1398 Eam
287 1351 354 1396 rem
368 1330 496 1396 Nestor
509 1333 672 1415 prohibet,
688 1335 835 1400 suadens
859 1334 1033 1402 tentandos
1049 1333 1143 1418 prius
1155 1333 1279 1399 civium

185 1433 335 1504 animos:
357 1451 466 1515 neque
481 1434 763 1513 committendum,
785 1437 836 1500 oti
851 1455 911 1518 per
926 1435 1128 1501 seditionem
1143 1433 1280 1500 Graecia

185 1535 294 1598 omnis
314 1533 482 1597 intestinis
503 1533 685 1600 discordiis
707 1543 980 1619 corrumperetur.
1023 1535 1145 1620 Neque
1168 1537 1278 1602 multo

185 1643 265 1717 post
277 1634 449 1715 cognoscit
463 1633 647 1700 Diomedes
662 1637 696 1700 in
712 1637 840 1700 AEtolia
856 1637 968 1702 abhis
983 1638 1042 1722 qni
1056 1656 1116 1720 per
1131 1636 1277 1701 absenti·

185 1733 325 1817 emejus
339 1753 481 1816 regnum
505 1735 723 1814 infestabant,
741 1737 889 1802 OEneum
901 1742 938 1786 ¹‘1
956 1736 1159 1801 multimodis
1175 1735 1280 1802 afflie-

184 1837 267 1902 tari:
284 1838 328 1902 ob
339 1858 416 1922 quaa
431 1838 599 1922 profectus
611 1839 655 1902 ad
669 1859 710 1904 ea
725 1840 812 1916 loca,
823 1860 949 1917 omnes,
964 1859 1048 1924 quos
1062 1845 1218 1903 auctores
1230 1840 1280 1902 in·

97 1956 106 1968 ¹
179 1937 279 2020 juriae
293 1947 474 2022 repererat,
495 1939 666 2004 interficit:
687 1944 842 2022 metuque
866 1941 1020 2004 omnibus
1043 1938 1170 2003 circum
1191 1938 1278 2003 locis

184 2037 326 2121 injecto,
347 2039 447 2104 facile
476 2041 519 2105 ab
550 2041 622 2104 suis
647 2047 801 2122 receptus
827 2047 905 2105 est.r
949 2038 1032 2104 Inde
1058 2058 1120 2121 per
1148 2057 1278 2108 omnem

187 2137 358 2204 Graeciam
373 2141 464 2204 fama
487 2145 568 2216 orta,
592 2140 833 2223 enusquisque
857 2160 953 2222 reges
979 2139 1167 2223 accipiunt:
1190 2159 1281 2204 sum·

184 2259 273 2304 mam
285 2241 318 2304 in
331 2240 384 2304 his
399 2241 456 2323 qui
471 2241 562 2324 apud
576 2240 717 2324 Trojam
730 2241 936 2306 bellaverunt
948 2242 1112 2319 virtutem,
1122 2259 1231 2322 neque
1245 2241 1278 2304 in

185 2341 369 2406 resistendo
382 2342 579 2427 cujusquam
596 2343 683 2407 vires
699 2341 837 2408 idoneas
853 2343 1096 2408 existimantes.
1143 2340 1198 2406 lta
1216 2361 1278 2410 nos

643 2504 821 2525 ONOMO

218 2604 235 2648 9
253 2601 349 2666 Delph.
359 2601 536 2654 Arteman—l
552 2603 628 2667 vulg.
640 2618 666 2653 eo
677 2603 778 2654 namna

680 2733 786 2784 NOTAE

185 2823 230 2858 oen
248 2811 375 2871 perlatum
391 2809 486 2860 fnisse:
513 2811 549 2861 ibt
570 2813 638 2863 eninr
649 2813 713 2864 dicit
752 2814 884 2876 denotem,
904 2827 961 2864 enm
980 2814 1109 2864 Salamine
1126 2812 1221 2878 ejecit;
1235 2811 1279 2878 qui

186 2886 292 2945 Nestor,
308 2885 420 2935 Oresten
436 2884 545 2936 Athenin
563 2889 665 2940 venisse
682 2896 728 2939 nt·
752 2905 780 2939 ee
790 2891 886 2940 Sidona
900 2891 1020 2946 contulit,
1038 2898 1066 2940 et
1082 2889 1142 2940 inde
1154 2890 1278 2954 Cyprum,

185 2961 329 3024 AEgietlnrm
342 2961 509 3022 interficeret.
541 2964 592 3014 Sed
605 2964 663 3014 ride
675 2965 711 3017 ihi
752 2965 795 3014 ubi
808 2981 899 3015 novam
916 2967 1046 3016 Salamine
1062 2965 1188 3026 condidit,
1204 2965 1278 3028 Virg.

185 3037 306 3086 Eusteth.
318 3053 343 3100 p.
356 3041 429 3087 1469.
441 3039 483 3102 qui
495 3038 577 3089 refert
587 3041 710 3104 qrrondam
751 3054 770 3089 1.
781 3041 838 3090 AEu.
854 3041 959 3107 ‘Atque
966 3043 1085 3108 equidem
1093 3043 1219 3092 'l'eucrum
1226 3056 1278 3089 me-

184 3112 710 3176 prodr''Allnudeesrriprisredeluuntur.
750 3118 813 3166 mini
832 3117 929 3166 Sidona
949 3119 1045 3174 venire,
1064 3117 1171 3168 Finibus
1188 3117 1279 3179 expul-

184 3187 333 3238 aPhecide.
358 3187 432 3238 Alios
444 3203 513 3250 uero,
526 3189 647 3240 Orestem
660 3195 711 3254 pri·
752 3207 807 3240 snm
826 3193 927 3254 patriis,
948 3207 1015 3240 nore
1037 3205 1116 3254 regne
1135 3197 1278 3253 petentem,

183 3253 227 3312 mu
237 3265 263 3314 iu
277 3264 424 3320 Phocidem,
436 3273 464 3314 et
476 3278 491 3314 e
503 3266 618 3316 Phocide
631 3267 710 3318 Athe·
753 3264 856 3314 Arrxitio
868 3265 926 3313 Beli
937 3281 944 3313 ε
957 3266 1058 3328 genitor
1066 3273 1120 3314 tom
1132 3265 1212 3314 Belus
1223 3267 1279 3329 opi·

184 3351 232 3386 nes
245 3345 404 3459 parentum,
417 3340 606 3474 iufflezma
623 3382 628 3394 ,
751 3355 818 3390 mam
830 3339 958 3464 Vnstgbut
970 3341 1094 3404 Cyprum,
1106 3346 1134 3389 et
1148 3339 1231 3388 victor
1240 3341 1278 3388 di·

185 3419 235 3452 .¹¹
295 3425 372 3459 menen
383 3412 449 3473 quie
527 3414 591 3462 erint
607 3430 646 3462 um
656 3429 712 3476 nge·
751 3417 892 3466 tionetene
913 3415 956 3464 et!

183 3485 237 3548 dut]
256 3486 344 3548 Fingit
357 3486 454 3535 Noster
464 3487 638 3543 idomeneum,
651 3491 712 3538 Cre·
783 3499 797 3533 u
813 3491 914 3539 Interim
924 3491 1074 3554 Mnestheus]
1099 3491 1140 3541 Ab
1151 3490 1207 3540 aliie
1219 3505 1278 3541 eue-

182 3569 212 3612 te
230 3561 376 3624 expulsum,
394 3561 540 3625 confugisse
552 3564 713 3626 Corinthum,
753 3567 851 3616 teribus
873 3565 988 3616 diverunt
1010 3566 1073 3626 ubit,
1098 3567 1142 3634 qui
1164 3567 1278 3618 scribunt

184 3637 253 3687 unde
265 3645 357 3699 postea
373 3637 402 3685 in
417 3650 524 3700 reguum
541 3653 613 3688 snum
626 3653 714 3704 recep·
753 3643 933 3705 Athenienses,
946 3633 1277 3708 repulseltluestheo,'De·

184 3721 225 3762 tnr
238 3721 288 3762 est.
753 3719 901 3781 mophocnri
913 3733 1019 3784 reguum
1032 3719 1177 3770 tradidisse.

216 3797 228 3821 ¹¹
246 3790 283 3838 lin
296 3789 638 3855 Dtnnederesputeueregnu]
662 3793 714 3842 Ne·
749 3815 753 3820 ·
784 3803 797 3837 a
825 3794 938 3858 OEneern]
965 3795 1060 3845 OEueue
1083 3795 1166 3859 Tydei
1193 3799 1277 3858 peter,

185 3865 310 3929 scioqnes
321 3872 439 3915 suctores
450 3865 491 3915 hic
504 3865 602 3916 Noster
610 3876 714 3918 secutur
752 3873 815 3920 evus
826 3870 968 3926 Diomedis,
979 3885 1026 3920 rex
1041 3869 1181 3934 Calydonis
1198 3870 1223 3917 in
1235 3868 1278 3918 ΙΕ-

185 3948 235 4000 est,
248 3941 292 4004 qni
304 3940 409 4000 scribet,
420 3940 572 3990 Diomedem
585 3957 713 4006 regnoex·
751 3948 821 3996 tolia.

186 4017 285 4080 prrlsurn
308 4017 459 4066 Corinthum
482 4018 595 4079 petiisse,
617 4019 661 4082 qul
683 4030 717 4070 re
783 4019 1164 4084 rnecuemmurecepreren]
1189 4019 1277 4086 Fingit

185 4105 246 4140 rere
258 4106 286 4142 se
297 4093 323 4141 in
335 4091 438 4142 ltaliam
449 4093 570 4144 contulit.
750 4098 857 4158 Noster,
864 4096 1014 4147 Diomedem
1021 4097 1046 4145 in
1055 4095 1173 4146 AEtolieru
1182 4097 1272 4148 rediis-

217 4173 230 4198 ⁰
245 4169 280 4216 Et
301 4167 400 4230 Teucer]
424 4167 549 4218 'l'elerocn
568 4183 624 4218 cum
644 4170 710 4220 'l'eu-
751 4189 797 4224 se:
814 4173 882 4240 quud
893 4171 981 4224 neeric
992 4186 1024 4224 eu
1037 4171 1098 4222 alibi
1110 4172 1234 4238 reperiar.

185 4256 256 4297 urum
267 4241 369 4294 rideret
379 4243 474 4308 eheqne
486 4243 565 4295 tratre
579 4243 659 4310 Ajece
671 4261 711 4296 re·
1270 4241 1272 4246 ’
