3136 4948
306 365 350 432 84
395 443 397 458 .
573 379 650 428 rae.
675 376 869 427 renizourr
896 371 1148 426 nrssunuarro

293 523 367 590 'sed
393 528 441 588 tot
460 522 559 590 sinum
585 522 697 588 ubivis
720 521 831 592 ebriae
856 521 945 605 apud
973 519 1187 603 Septimium,
1211 526 1410 600 argumento

307 624 389 692 mihi
404 624 542 690 suntad
557 623 592 688 id
608 623 829 708 probandum,
851 622 941 706 quod
959 621 1130 686 affirmavi.
1174 620 1243 684 Sed
1265 628 1299 686 et
1313 621 1410 705 quod

306 731 342 793 iu
371 728 485 808 lingua
507 727 631 790 Latina
655 726 700 790 ad
731 726 865 790 solitam
890 723 1022 790 Greecae
1052 722 1188 806 phrasin
1216 723 1409 801 formatum,

306 829 396 913 apud
412 849 512 894 uuum
535 833 719 905 auctorem,
734 826 792 910 qui
808 824 932 890 Graeca
954 830 1029 890 ante
1045 823 1162 890 oculos
1175 823 1303 902 hahuit,
1317 841 1410 906 prae·

306 933 404 1014 cipue
418 937 453 994 et
468 929 598 1012 saepins
609 927 794 994 adhibitum
803 925 974 1010 reperitur,
988 924 1093 990 nihilo
1105 927 1215 992 minus
1227 945 1288 1008 pro
1308 925 1409 992 Grae-

305 1033 413 1098 cismo
428 1031 543 1096 haberi
559 1031 670 1108 dehet,
684 1031 768 1094 iicet
779 1028 870 1112 apud
884 1029 985 1092 alium
999 1047 1137 1112 quoque
1152 1047 1254 1092 unum
1270 1035 1305 1092 et
1319 1028 1410 1094 alte-

303 1155 374 1200 rum
401 1133 525 1212 forsan,
548 1141 584 1197 et
606 1134 713 1196 rarius
742 1129 887 1214 quidem,
916 1129 1195 1212 deprehendatur,
1218 1149 1322 1212 quam
1343 1149 1408 1212 pro

305 1237 511 1308 Hebraismo
527 1233 692 1316 accipitur
706 1233 742 1296 in
759 1247 855 1296 cxx,
878 1229 1124 1313 Interpretibus
1143 1228 1406 1314 etApostolicis

305 1337 553 1422 seriptis,.quod
570 1337 659 1420 apud
671 1336 747 1400 illos
758 1335 874 1410 crebro
885 1351 929 1398 ex
943 1351 1009 1398 usn
1023 1338 1056 1396 et
1068 1332 1162 1416 genio
1179 1331 1320 1402 Hebraei
1334 1351 1408 1398 ser·

303 1442 412 1510 monis
435 1439 567 1505 Graecis
589 1438 700 1503 verbis
724 1443 775 1502 est
799 1453 1007 1518 expressum,
1022 1433 1104 1498 licet
1124 1433 1243 1498 similis
1266 1431 1408 1512 locutio,

303 1543 364 1608 sed
377 1543 492 1619 rarius,
508 1541 544 1605 iu
567 1539 645 1605 aliis
661 1559 794 1623 qnoque
810 1535 943 1602 Graecis
966 1534 1185 1619 scriptoribus
1206 1535 1408 1618 investigari

303 1646 440 1715 tandem
456 1651 516 1710 aut
526 1641 661 1710 ostendi
677 1648 787 1725 queat.

256 1759 263 1774 ·
346 1763 444 1810 xvrr.
469 1745 595 1812 Verum
608 1743 720 1808 versio
734 1744 808 1808 heae
818 1762 880 1808 sno
890 1760 928 1806 se
940 1739 1068 1806 iudicio
1083 1738 1208 1804 clarius
1222 1744 1259 1803 et
1277 1735 1409 1807 certius

301 1849 480 1932 proderet„
495 1848 525 1912 si
545 1845 600 1911 rel
616 1844 759 1912 Graeeus
784 1848 974 1927 superesset
998 1841 1135 1925 Dictys,
1164 1840 1222 1906 vel
1242 1839 1409 1919 Malelas,

302 1951 363 2034 qui
385 1969 431 2014 ex
447 1969 488 2014 eo
503 1947 689 2013 Historiam
709 1944 892 2028 ‘frojanam
905 1944 942 2008 iu
953 1962 1049 2008 suam
1065 1942 1178 2008 retulit
1193 1941 1406 2026 chronogra-

212 2077 216 2084 ·
301 2053 427 2136 phium,
442 2049 573 2114 fidelius
596 2067 673 2112 eum
688 2045 937 2130 descripsisset,
951 2064 1012 2110 nec
1032 2045 1206 2110 maluisset
1219 2043 1409 2130 interpola*

301 2162 382 2232 tarn,
404 2160 438 2220 et
455 2156 672 2234 contractam,
693 2150 829 2233 suisque
852 2148 975 2226 verbis,
1003 2147 1100 2212 illam
1122 2147 1282 2212 exhihere
1302 2149 1406 2220 nohis

301 2255 503 2322 Historiam.
548 2253 592 2318 Et
616 2259 729 2318 minen
752 2253 806 2316 vei
835 2253 885 2316 sic
910 2249 1087 2322 manifesta
1113 2251 1196 2316 satis
1219 2251 1405 2334 reperimus

300 2359 441 2440 vestigia
458 2355 726 2422 concurrentium
740 2354 841 2420 simul
857 2353 1008 2430 Malelae,
1025 2359 1060 2418 et
1074 2353 1134 2436 qni
1149 2371 1224 2418 eum
1235 2354 1407 2437 sequitur,

300 2459 455 2534 Gedreni,
471 2479 513 2522 ac
533 2457 643 2522 nostri
666 2456 830 2537 Septimii,
854 2457 887 2520 in
913 2455 1058 2532 eundem
1080 2454 1203 2521 iontem
1224 2462 1258 2521 et
1272 2454 1403 2520 Aucto·

300 2581 383 2625 rem.
428 2558 543 2624 Veluti
558 2557 689 2638 qrraado
709 2555 828 2638 Dictys
842 2563 957 2621 noster
973 2577 1034 2622 seu
1049 2555 1247 2639 septimine,
1262 2559 1312 2622 ait
1326 2573 1351 2620 1.
1367 2557 1402 2624 9.

301 2663 465 2726 Helenam
499 2665 664 2740 rogatam,
698 2660 812 2738 ‘quea
848 2657 1012 2741 cujusque
1037 2658 1148 2738 esset,’
1174 2660 1401 2742 respondisse,

301 2761 510 2826 ‘Alexandri
523 2777 561 2822 se
576 2757 719 2833 affinem,
733 2759 907 2841 magisque
920 2759 963 2824 ad
976 2759 1146 2825 Priamum
1157 2767 1197 2824 et·
1206 2760 1404 2840 Hecubam,

300 2863 460 2951 quemad
477 2861 659 2926 Plisthenis
682 2861 770 2924 filios
789 2881 907 2944 genere
922 2864 1106 2945 pertinere:
1130 2863 1289 2928 Danaum
1311 2863 1400 2928 enim

300 2975 401 3050 atque
422 2964 611 3047 Agenorem
633 2969 668 3026 et
691 2964 743 3026 sui
768 2969 805 3026 et
828 2962 953 3028 Priami
977 2965 1106 3046 generis
1132 2967 1290 3029 a'uctores
1310 2985 1402 3031 esse.

300 3067 459 3150 Namque
481 3084 526 3130 ex
547 3063 705 3128 Hesiona
728 3063 839 3128 Danai
864 3063 933 3130 tilia
956 3072 990 3129 et
1004 3063 1142 3131 Atlante
1160 3065 1323 3130 Electram
1337 3085 1401 3132 ua-

299 3177 381 3246 tam,
395 3186 496 3252 quam
512 3185 558 3232 ex
572 3163 662 3230 Jove
680 3165 853 3247 gravidam
869 3166 1065 3230 Dardanum
1080 3167 1244 3249 genuisse,
1260 3187 1307 3232 ex
1329 3186 1400 3252 quo

299 3271 395 3346 Tros,
423 3275 455 3334 et
482 3267 646 3350 deinceps
670 3265 814 3332 insecuti
842 3287 940 3351 reges
963 3267 1042 3334 llii.’
1087 3267 1308 3334 Conferamus
1323 3270 1398 3354 jam

298 3391 374 3437 cum
389 3371 495 3448 hisce,
511 3372 545 3434 iu
560 3369 882 3452 quibusmultasnnt
895 3371 1174 3455 singulariaque
1188 3371 1279 3454 apud
1294 3373 1399 3438 alium

184 3525 190 3536 ,
297 3493 364 3540 nou
378 3481 502 3538 temere
518 3471 675 3555 reperias,
686 3469 866 3549 Meleissa,
893 3473 950 3555 qui
968 3491 1006 3536 se
1035 3471 1158 3556 Dictyn
1173 3471 1209 3534 in
1230 3471 1283 3536 his
1297 3475 1397 3557 sequi

297 3573 479 3656 profitetur.
523 3570 626 3654 Apud
642 3585 719 3636 eum
733 3592 812 3653 ergo
832 3592 912 3656 pag.
927 3573 1003 3640 120.
1048 3572 1180 3638 Helena
1202 3573 1318 3638 itidem
1341 3595 1397 3639 ro·

297 3679 388 3754 gara,
403 3670 445 3744 ris
460 3667 511 3750 οἴη,
532 3669 548 3747 l
571 3669 650 3734 river
672 3669 817 3756 ἀπόγονος,
832 3673 1019 3758 respondet,
1042 3672 1225 3760 Ἀλεξάνδρου
1247 3673 1305 3756 εἰμὶ
1322 3700 1396 3760 συγ·

296 3775 388 3859 γονῆς,
415 3772 464 3836 arri
492 3779 606 3852 μᾶλλον
629 3772 776 3857 προσήκειν
800 3774 935 3862 Πριάμῳ,
962 3773 1011 3838 καὶ
1026 3774 1205 3862 τῇῘΕνᾶβῃ,
1228 3779 1277 3840 καὶ
1301 3779 1331 3839 οὐ
1351 3784 1396 3861 τῷ

297 3875 494 3950 Πλυοσθὸνους
505 3879 556 3960 υἱῷ
573 3873 720 3959 Μενελάῳ.
765 3883 879 3940 Δαναοῦ
891 3880 950 3964 γὰρ
966 3875 1014 3962 ἔφη
1031 3877 1080 3940 καὶ
1101 3877 1250 3964 Ἀγήνορος
1271 3885 1326 3942 τῶν
1342 3883 1396 3945 Σι-

294 3977 392 4042 δωνίων
407 3979 456 4042 ναὶ
470 3979 502 4040 in
516 3975 611 4062 γένους
619 3982 668 4040 τοῦ
680 3977 824 4064 Πριάμου,
836 3963 920 4063 (lege
937 3979 1003 4046 eluar
1018 3983 1049 4046 ir
1064 3978 1160 4067 γένους
1173 3981 1221 4044 τὸν
1236 3978 1396 4068 Πρίαμον)

296 4081 344 4146 καὶ
359 4085 444 4158 αὐτὴν
459 4080 597 4167 ὑπάρχειν
617 4083 650 4140 ἐκ
667 4078 825 4166 τοῦγένους
848 4088 945 4148 αὑτοῦ.
971 4089 973 4094 ’
1003 4085 1061 4148 Ἐν
1076 4082 1243 4162 Πληυνῶνης
1264 4088 1322 4168 γὰρ
1344 4088 1394 4158 τῆς

295 4187 408 4268 parnt
422 4181 558 4270 iuyarpdf
578 4180 700 4267 ἐγεννήθη
716 4187 730 4246 ὅ
747 4183 858 4262 ’Ἄτλας
875 4187 923 4250 καὶ
938 4186 1129 4274 ἡἭλεκτρον,
1153 4188 1183 4268 ἐξ
1197 4185 1227 4266 ἧς
1250 4185 1395 4272 dictamin-
