3178 4948
274 413 338 480 164
626 425 787 477 nrouros
808 423 1014 474 caurensis

275 589 350 636 sum
373 565 555 634 exercitum
568 566 759 632 ¹salubritas
774 565 933 648 vigorque
957 565 1078 630 solitus
1103 569 1280 642 renovatus
1305 573 1370 636 eso

268 669 537 740 ¹Mittituretiam
560 667 761 732 Philoctetes
788 667 971 732 Lemnum8
994 667 1105 748 portio
1128 667 1253 749 praedae
1280 667 1371 751 ejus,

275 791 377 855 quam
395 770 510 836 Graeci
532 789 592 853 per
613 766 755 852 Ajacem
777 777 879 851 atque
895 767 1062 831 Achillem
1086 767 1262 832 advectam
1286 769 1371 854 inter

274 892 312 940 ao
327 873 457 937 uiritim
480 872 726 936 distribuerant.
776 870 855 950 [34]
878 869 1029 933 Ceterum
1054 867 1217 944 Achillea,
1246 888 1373 932 memor

274 973 406 1056 injuriae
427 972 643 1054 supradictas,
669 971 903 1034 abstinendum
928 969 1068 1052 publico
1091 969 1233 1034 consilio
1246 969 1372 1034 decre·

274 1071 491 1149 veratsodio
505 1071 650 1134 maxime
660 1070 934 1151 Agamemnonis,
944 1069 1138 1152 abolitoque
1148 1089 1260 1134 amore
1270 1091 1372 1154 quem

274 1177 363 1238 circa
378 1173 519 1238 Graecos
533 1172 705 1245 habuerat,
718 1169 850 1234 scilicet
864 1169 953 1252 quod
968 1188 1082 1233 eorum
1095 1171 1276 1251 petientia¹
1290 1181 1371 1255 post

274 1285 327 1340 tot
341 1275 503 1338 bellorum
517 1272 690 1348 victoriae,
714 1289 754 1333 ac
777 1270 866 1334 facta
891 1271 1003 1349 tortia,
1027 1270 1272 1354 Hippodamia,
1289 1292 1371 1337 con-

275 1389 409 1442 cessum
439 1394 501 1456 pro
530 1373 699 1437 laboribus
729 1373 915 1454 praemium,
945 1392 1004 1454 per
1034 1373 1189 1456 iujuriam
1218 1373 1373 1440 abducta·

276 1481 376 1542 esset
422 1474 510 1541 Dein
526 1473 697 1537 venientes
712 1471 756 1534 ad
772 1491 809 1534 se
825 1471 927 1534 duces
942 1472 1037 1536 aditu
1053 1473 1236 1554 prohibere,
1259 1493 1372 1558 neque

275 1578 430 1658 cuiquam
446 1575 626 1640 amicorum
638 1574 825 1654 ignoscere,
839 1573 898 1655 qui
913 1593 951 1637 se
967 1573 1129 1638 aduersus
1148 1572 1374 1656 Agamemno-

274 1675 330 1740 nis
345 1674 574 1750 oontumelias‚
589 1693 664 1736 cum
679 1672 855 1737 defendere
870 1673 994 1750 liceret,
1011 1673 1247 1738 deseruissent.
1274 1674 1373 1739 Intus

189 1789 194 1800 '
274 1779 376 1860 igitur
389 1796 539 1853 manens,
562 1775 754 1840 Patroclum
769 1781 804 1839 et
819 1775 1026 1852 Phoenicem,
1050 1777 1138 1842 buno
1158 1797 1286 1842 morum
1301 1797 1374 1842 ma·

275 1881 426 1960 gistrum,
442 1876 582 1941 alterum
605 1875 778 1957 obsequiis
801 1875 979 1940 amicitiae·
1004 1887 1143 1954 carum‚⁹
1164 1886 1197 1944 et
1224 1879 1373 1964 aurigam
1408 1925 1410 1929 ψ

164 2007 171 2020 ·
275 1991 372 2040 suum
402 1972 707 2052 Automedontem,¹’
729 1993 844 2038 secum
872 1976 1045 2042 retinebat.
1088 1978 1171 2061 [aa]
1193 1978 1373 2044 Paridem

274 2083 405 2160 tempus
419 2076 510 2162 apud
533 2075 669 2158 Trojem
685 2075 851 2139 exercitus
868 2078 1044 2155 sociorum,
1064 2079 1188 2160 quique
1214 2081 1372 2144 mercede

277 2179 435 2248 conducti
473 2178 657 2244 auxiliares
690 2177 807 2260 copias
835 2176 1053 2254 adduxerant,
1082 2185 1230 2262 tempore
1266 2181 1374 2244 multo

274 2279 399 2344 frustra
414 2279 505 2355 trito,
520 2277 666 2343 taedione
689 2296 731 2340 an
754 2277 984 2342 recordatione
1007 2289 1169 2356 suorum,c
1192 2280 1374 2350 domuitio·

276 2398 352 2445 nem
363 2380 603 2464 accipiebant.¹
637 2376 741 2456 Quod
755 2379 814 2442 ubi
830 2378 1063 2446 animadvortit
1078 2379 1218 2460 Hector,
1233 2388 1373 2448 coactus

277 2714 326 2758 -8
343 2707 438 2770 Delpb.
456 2705 568 2763 Lemnon
587 2711 615 2755 et
631 2721 690 2756 mox
710 2705 760 2766 ejus
775 2709 921 2770 prada-9
938 2705 1033 2770 Delph.
1051 2707 1197 2756 clarum-l
1216 2705 1248 2754 Ia
1264 2706 1331 2755 Mes.
1346 2713 1376 2756 et

276 2773 356 2834 vulgo
377 2769 513 2832 edebatur,
536 2775 637 2832 tempore
655 2771 787 2829 frustrato,
813 2771 936 2831 seditione,
958 2771 1021 2829 odio,
1047 2785 1078 2818 aa
1099 2771 1259 2819 recordatione
1279 2784 1376 2818 summ
1456 2831 1466 2836 -

277 2836 421 2886 bethmaon
429 2833 580 2895 remandant.
611 2833 644 2882 lu
655 2834 708 2882 Me.
717 2833 845 2893 Danielis,
863 2834 973 2896 Tempore
988 2833 1061 2882 multo
1074 2832 1170 2892 frustra
1186 2833 1245 2882 trito
1258 2835 1377 2882 seddim

276 2914 308 2947 aa
318 2896 481 2947 recordatione
491 2910 584 2944 merum
594 2897 656 2946 domi
672 2897 810 2945 seditionem
826 2897 978 2959 meipiedant.
1012 2895 1045 2944 In
1063 2897 1114 2947 Me.
1127 2897 1173 2946 alt.
1190 2902 1292 2958 tempore
1303 2896 1376 2955 fras·

276 2962 338 3011 irati
352 2965 402 3009 tota
412 2959 513 3009 editions
527 2974 558 3007 un
573 2975 594 3007 r.
613 2975 633 3008 s.
650 2961 713 3008 domi
723 2961 861 3010 seditionem
872 2957 1028 3024 adamiani.
1061 2961 1156 3024 Delpb.
1170 2975 1218 3024 pro
1228 2960 1373 3023 ncipatum

769 3137 875 3187 NOTAE

309 3271 322 3307 5
337 3263 507 3314 Abstinendum
517 3264 609 3328 audino
619 3267 716 3315 conniis
725 3267 803 3316 decre·
876 3266 888 3300 b
904 3265 1109 3329 Autmnsdontern]
1126 3263 1214 3316 Dioris
1224 3259 1313 3316 filium.

276 3339 355 3401 serat]
380 3338 488 3389 Homer.
514 3341 575 3388 οὔτε
592 3341 644 3389 scrl
666 3341 698 3391 sis
717 3341 805 3404 ἀγορὴν
877 3341 1016 3389 cTadinae
1034 3355 1066 3390 an
1086 3342 1246 3391 recordatione
1265 3341 1373 3407 suorum]

277 3412 416 3464 πωλέσκετο
427 3413 578 3478 κυδιάνειραν,
589 3417 653 3465 οὔτε
662 3417 716 3464 ποτ’
728 3419 752 3466 is
762 3416 804 3465 sd·
844 3417 923 3466 Totus
934 3417 976 3465 bic
987 3417 1059 3466 locos
1070 3417 1163 3466 misere
1175 3417 1294 3467 turbatus
1305 3427 1375 3479 erat,

277 3491 350 3552 λεμόν
359 3508 398 3552 γε.
415 3493 526 3556 ‘Neque
535 3506 647 3556 unquam
659 3493 691 3541 ad
704 3493 804 3542 concio·
844 3497 896 3540 tam
907 3491 934 3540 in
952 3491 1064 3555 vulgatis
1080 3506 1155 3556 quem
1175 3493 1202 3541 in
1220 3493 1325 3556 scriptis
1344 3495 1375 3542 li·

277 3581 337 3615 nem
354 3566 409 3615 ibat
426 3567 571 3630 gloriosam,
588 3569 681 3631 Neque
694 3583 802 3632 unquam
844 3567 907 3616 bris.
943 3565 975 3616 In
1001 3567 1052 3616 illis
1072 3567 1207 3630 edebatur,
1228 3571 1373 3631 ‘tempore

278 3641 305 3688 in
317 3638 432 3687 bellum!
445 3651 450 3661 ·
843 3641 977 3698 frustrato,
990 3641 1127 3704 seditione,
1138 3642 1197 3691 odio
1208 3657 1241 3691 en
1252 3643 1374 3692 reeorda-

310 3715 426 3762 ¹Eorum
442 3715 571 3777 patientia]
597 3717 747 3766 Persarum
760 3734 803 3782 pa·
844 3717 915 3765 tione
936 3732 1039 3766 suorum
1062 3717 1157 3766 bellurn
1184 3732 1235 3768 non
1261 3719 1374 3782 occipie-

279 3789 405 3838 tientiam.
427 3778 503 3840 Qtrod
515 3790 583 3852 pessi
594 3799 681 3839 essent
693 3806 749 3840 earn
759 3792 808 3841 ab··
844 3793 924 3842 bant!
957 3794 988 3842 Iu
999 3794 1065 3844 libro
1077 3793 1210 3844 Danielis:
1227 3796 1234 3822 ‘
1246 3795 1373 3858 Tempore

279 3864 370 3926 strabi,
382 3861 482 3913 abduci.
514 3864 678 3913 Cavetamen
690 3866 737 3916 boc
748 3868 802 3916 imi·
844 3869 927 3916 multo
946 3865 1042 3917 frustra
1060 3870 1123 3918 trito
1140 3869 1267 3919 seditione
1284 3885 1318 3920 sn
1335 3887 1374 3919 se·

279 3940 349 3988 teris.
843 3942 993 3992 cordatione
1005 3957 1108 3993 suorum
1127 3943 1198 3993 domi
1217 3945 1373 3995 seditionem

309 4014 449 4064 ²Alterrtm
467 4013 581 4076 omeqciis
599 4014 722 4077 amicitia]
743 4016 804 4065 Non
843 4017 1023 4080 acciplebant:
1064 4019 1087 4067 E
1110 4018 1200 4083 quibus
1219 4021 1373 4070 concinnari

232 4097 236 4106 '
279 4089 360 4138 solum
373 4096 479 4153 propter
491 4089 804 4153 obsequiasmicitiae,sed
842 4092 980 4140 lectionem
988 4106 1063 4157 quern
1072 4093 1153 4142 editio
1163 4093 1219 4143 lraee
1229 4109 1372 4159 repraesen-

280 4161 734 4228 etiampropterconsanguinitatem.
751 4166 803 4217 Sed
844 4176 892 4217 tet.
914 4170 1108 4234 corrumpendo
1119 4171 1177 4220 loco
1188 4171 1239 4220 duo
1251 4170 1373 4222 fuerunt:

281 4241 313 4289 de
323 4255 354 4291 so
365 4255 451 4304 supra.
843 4245 951 4307 primunr
969 4245 1037 4314 quod
1058 4259 1108 4296 non
1119 4245 1259 4310 capiebant
1271 4248 1372 4311 elegen·
