3152 4950
347 860 756 982 DICTYOS
822 861 1344 984 CRETENSIS

537 1175 615 1251 nn
647 1175 844 1252 nunno
895 1175 1154 1290 rnomno

621 1431 623 1434 ’
726 1437 875 1502 LIBER
918 1437 963 1503 V.

295 1881 526 1972 Anrnnonn
542 1905 791 1989 Talthybioque
808 1904 978 1968 civitatem
997 1906 1171 1988 ingressis,
1193 1909 1306 1975 cuncti
1330 1929 1391 1992 po·

294 2009 432 2091 pnlares
448 2010 611 2093 sociique,
626 2006 757 2089 cognita
771 2025 816 2084 re,
829 2026 971 2090 propere
986 2019 1198 2087 concurrunt,
1212 2011 1390 2093 cupientes

294 2109 486 2192 dignoscere
500 2131 577 2194 quae
591 2109 682 2193 apud
698 2107 841 2174 Graecos
856 2108 1019 2172 actitata¹
1036 2117 1168 2174 essent:
1182 2112 1309 2193 quihus
1318 2111 1392 2174 An-

295 2217 392 2275 tenor
406 2212 440 2276 in
452 2212 643 2295 proximum
659 2209 747 2273 diem
769 2209 927 2271 relatum²
947 2207 1075 2273 differt:
1099 2217 1199 2293 atque
1214 2212 1264 2274 ita
1275 2211 1392 2276 dimis-

295 2329 335 2374 so
358 2319 538 2387 conventu,
554 2308 750 2374 disceditur.
793 2305 879 2370 Turn
898 2308 986 2372 inter
1007 2310 1138 2392 epulas,
1157 2330 1234 2374 cum
1249 2311 1391 2396 Talthy-

294 2411 394 2475 bius³
420 2413 605 2487 interesset,
627 2409 716 2473 filios
740 2426 819 2471 suos
846 2425 978 2471 monere
992 2407 1154 2488 Antenor,
1169 2412 1251 2474 nihil
1277 2413 1331 2476 his
1356 2414 1390 2476 in

294 2512 368 2576 vite
389 2510 653 2588 custodiendum,
668 2528 768 2591 quam
782 2507 833 2570 uti
850 2507 1116 2590 antiquissimam
1131 2512 1292 2575 ducerent
1313 2531 1390 2575 cnm

295 2609 428 2676 Graecis
449 2611 654 2676 amicitiam:
678 2609 756 2673 dein
780 2607 1011 2690 singulorum
1036 2612 1251 2688 probitatem,
1276 2612 1389 2687 fidem,

295 2716 397 2794 etque
417 2712 637 2776 innocentiam
651 2710 954 2787 commemorando,
979 2710 1172 2777 admiratus.
1216 2713 1273 2777 Ita
1297 2714 1389 2779 (inito

295 2811 464 2887 convivio,
489 2809 665 2892 quietum4
688 2808 875 2874 disceditur.
919 2810 968 2876 At
992 2813 1075 2876 lucis
1099 2813 1208 2891 initio,
1233 2809 1402 2878 omnibus

290 2910 364 2992 jam
378 2911 414 2972 in
435 2911 580 2974 concilio
602 2911 860 2992 expectantibus
876 2911 992 2976 audire
1009 2913 1040 2976 si
1060 2916 1136 2996 quis
1150 2915 1273 2978 modus
1287 2915 1392 2979 tantis
1409 2969 1417 2973 -

295 3010 396 3074 melis
417 3011 520 3088 fieret,
535 3029 612 3074 cum
632 3010 812 3094 Talthybio
833 3010 909 3094 ipse
930 3013 1033 3089 venit,
1054 3032 1162 3096 neque
1183 3017 1287 3079 multo
1310 3023 1390 3098 post

295 3109 436 3188 AEneas,
450 3109 528 3175 dein
548 3109 704 3176 Priamus
726 3129 801 3174 cum
815 3109 959 3175 residuis
974 3111 1107 3197 regulis.
1150 3113 1212 3200 [2.]
1234 3115 1389 3199 Denique

295 3211 355 3274 nbi
369 3231 411 3276 ea
425 3232 502 3295 qnae
518 3231 539 3276 a
553 3211 686 3277 Groecis
701 3211 851 3276 andierat
872 3211 983 3278 dicere
1000 3213 1118 3297 jn'ssns
1132 3224 1196 3293 est,
1210 3216 1273 3280 hoc
1286 3215 1388 3280 modo

296 3311 475 3378 disseruit:
497 3311 660 3389 ‘Grave'’
676 3311 816 3394 Trojani
842 3313 1022 3394 principes,
1045 3333 1173 3398 vosque
1197 3317 1293 3394 socii,
1315 3335 1389 3398 gra·

296 3431 339 3476 ve
353 3413 479 3478 bellum
494 3415 590 3477 nobis
605 3412 773 3476 excitasse
785 3409 962 3474 adversum
974 3410 1154 3492 Graeciam,
1165 3416 1300 3496 gravius
1309 3435 1387 3480 vero

296 3513 471 3595 multoque
481 3513 611 3590 durius,
625 3513 773 3578 mulieris
783 3530 903 3588 cansa,
917 3509 1118 3598 hostesque⁵
1134 3515 1272 3581 effectos
1288 3536 1386 3599 quam

751 3705 930 3726 moeniae!

328 3841 341 3886 1
360 3835 455 3898 Deiph.
466 3839 577 3885 arte-2
595 3835 688 3898 Delph.
699 3838 833 3885 vetata—d
850 3837 948 3902 Delpir.
961 3837 1022 3886 Gerr
1032 3839 1193 3902 irtereputm.
1209 3839 1305 3890 onrissn
1324 3853 1386 3890 voce

298 3900 416 3951 Tum-t
432 3900 516 3950 Deest
526 3899 552 3949 in
564 3899 658 3963 Delph.
668 3901 780 3962 quietren,
794 3900 892 3950 inserta
910 3901 1000 3951 vocula
1017 3908 1122 3952 turn—t
1140 3903 1280 3954 omittitur
1298 3905 1386 3953 rocula

784 4045 894 4096 ΝΟΤΙΕ

327 4144 340 4170 ·
355 4137 517 4203 ritum]
535 4139 685 4190 Grecornm
695 4153 798 4203 nempe.
859 4143 911 4193 Sed
923 4157 1001 4206 grave
1011 4150 1060 4199 ert,
1071 4146 1119 4192 &e

328 4211 341 4244 ⁶
361 4212 451 4292 Graue]
468 4215 537 4264 crire
551 4215 645 4278 jungas
660 4229 719 4266 cunr
730 4215 821 4266 istim
