3178 4948
242 464 254 474 q
298 388 363 451 106
650 399 809 450 nrcrros
831 399 1040 450 onnruusrs

299 545 533 627 sanguinitatis
548 545 707 626 originem
730 543 925 609 demisisse.⁶
968 545 1176 628 Postquam⁷
1200 546 1393 619 memoriter

299 652 421 710 cuncta
434 643 599 719 retexuit‚¹
614 646 656 710 ad
672 651 873 728 postremum
888 645 980 723 tiens,
995 653 1120 723 orare,'¹.¹
1139 664 1180 708 nc
1195 663 1245 724 se,
1262 665 1340 728 quae
1355 649 1392 711 in

298 746 402 810 iidem
427 747 527 810 semel
551 748 683 810 illorum
708 756 841 830 recepta
869 754 969 824 esset,
998 746 1203 829 prodendam
1227 752 1392 828 putarent.

298 846 353 910 Ea
366 865 479 910 secum
494 847 595 909 domo
609 846 769 922 Menelai,
786 865 864 929 quae
880 847 1015 930 propria
1029 845 1193 922 fuissent,8
1206 847 1287 909 nilsil
1303 867 1392 929 prae·

299 954 392 1012 tersa
418 948 575 1036 ablatum.
620 949 687 1012 Sed
714 955 825 1011 utrum
849 947 1028 1012 immodico
1056 965 1168 1010 amore
1192 945 1393 1024 Alexandri,

299 1043 343 1111 au
358 1057 561 1130 poenarum,⁹
571 1056 585 1084 ¹²
611 1067 697 1130 quas
714 1049 758 1110 ob
774 1049 934 1112 desertam
949 1048 1083 1110 domum
1097 1067 1119 1110 a
1133 1046 1271 1130 conjuge
1286 1055 1393 1110 metu-

213 1133 219 1139 ·
299 1149 389 1224 ebat,
410 1149 459 1213 ita
481 1150 547 1212 sibi
562 1148 738 1212 consulere
762 1148 922 1225 maluerit,
946 1165 1063 1230 parum
1078 1147 1264 1210 constabat.
1309 1145 1394 1229 [lu]

299 1243 406 1327 Igitur
430 1248 587 1324 Hecuba,
611 1249 745 1329 cognita
771 1249 948 1324 voluntate,
973 1247 1072 1311 simul
1093 1248 1137 1310 ob
1161 1247 1288 1326 generis
1311 1264 1394 1309 con-

294 1345 503 1428 junctionem
532 1349 711 1431 complexa
743 1348 922 1427 Helenam,
949 1368 992 1412 ne
1020 1347 1221 1431 proderetur,
1253 1346 1393 1410 summis

299 1655 426 1731 ulielplr.
439 1656 559 1718 Agenoris
577 1657 660 1720 quippe
669 1632 751 1733 fitium
767 1657 904 1706 Plsoesteem
921 1661 946 1705 st
963 1655 1048 1704 ddsrle
1058 1688 1065 1704 .
1076 1687 1083 1703 .
1093 1652 1226 1730 mutuos
1260 1652 1311 1702 Ms.
1323 1668 1392 1706 unus

299 1719 430 1770 Dama—i
447 1719 518 1770 Ante
525 1727 659 1784 postquam,
668 1729 759 1770 roserit
769 1723 861 1784 Delplr.
871 1724 981 1783 qum-8
992 1718 1062 1768 Ante
1073 1720 1140 1766 domo
1149 1721 1241 1766 snserit
1250 1717 1346 1780 Delpb.
1353 1719 1394 1774 de,

300 1787 328 1831 et
335 1790 395 1846 post
402 1785 516 1834 Menelai
525 1799 614 1836 vocem
625 1789 807 1850 apportatu.·-9
819 1784 903 1848 Vulgo
914 1783 1059 1833 addebatur
1067 1786 1144 1840 sata·
1157 1782 1194 1830 sic
1205 1781 1301 1844 Delplr.
1312 1796 1394 1842 ;mox

794 1943 902 1994 Now

301 2041 365 2094 Mas.
376 2041 445 2092 forte
456 2042 546 2092 melius
555 2042 667 2106 legatur,
681 2042 826 2106 ‘Agenoris
867 2039 993 2105 ejusmodi
1004 2039 1124 2103 exempla
1133 2036 1298 2088 inveteribns
1312 2035 1396 2101 scrip-

301 2117 396 2182 quippe
414 2115 494 2176 tilium
511 2117 658 2166 Plroenicem
673 2124 700 2165 et
717 2117 827 2178 Dymarn
867 2116 965 2196 toribus
986 2117 1117 2180 leguntur,
1132 2120 1162 2162 ut
1182 2111 1291 2160 diversis
1312 2125 1395 2160 enun-

301 2200 403 2256 patrsm
411 2191 539 2248 Hecuba,
547 2199 575 2240 st
584 2190 729 2255 Tyndarum
737 2191 826 2254 Ledae,
866 2191 1015 2240 tiationibus
1036 2190 1112 2238 unica
1133 2188 1260 2252 particula
1280 2193 1397 2250 aptetur,
1477 2244 1485 2254 ι

301 2267 529 2330 consanguinitatis
547 2267 673 2330 originem
691 2265 827 2315 divisisse!
867 2266 982 2331 quumvis
1004 2265 1081 2314 alteri
1101 2264 1185 2312 minus
1207 2262 1312 2326 proprie
1332 2275 1395 2312 con·

300 2341 344 2392 lta
362 2348 392 2392 nt
410 2343 501 2392 innuat
519 2356 553 2390 ex
571 2340 698 2404 Agenoris
718 2341 827 2404 posteris
867 2349 952 2405 gruna
968 2340 1011 2390 Sic
1021 2340 1104 2390 Divus
1113 2339 1220 2400 Paulus,
1230 2338 1280 2400 Ep·
1287 2337 1395 2388 adTim.

300 2424 388 2481 patres
411 2417 528 2467 Hecubae
552 2423 579 2465 et
602 2416 681 2465 Leda
703 2417 827 2478 originem
867 2429 887 2467 r.
897 2419 922 2465 4.
940 2413 1082 2464 Κωλνόντων
1091 2416 1183 2476 γαμεῖν,
1193 2410 1324 2474 ἀπέχεσθαι
1333 2415 1396 2476 βρυ-

299 2491 414 2542 duxisse.
447 2491 575 2540 Nimirum
586 2504 620 2539 ex
631 2491 739 2554 posteris
750 2491 827 2540 Pboe·
866 2491 956 2556 μάτων,
971 2495 1021 2543 &e
1046 2491 1218 2542 ‘vetantibus
1237 2503 1331 2539 uxores
1347 2490 1395 2540 du·

300 2568 524 2631 nicisDymantem
533 2574 633 2630 patrem
641 2567 769 2616 Hecuba:
782 2567 827 2616 sed
868 2581 937 2630 cere,
953 2567 1082 2624 abstinere
1099 2565 1182 2624 cibis,'
1198 2569 1248 2616 &a
1280 2565 1333 2615 Ubi
1349 2579 1395 2615 ue·

301 2643 366 2692 illud
378 2644 454 2706 plane
463 2643 588 2691 incertum
600 2647 649 2704 est,
657 2655 715 2690 nam
724 2643 827 2692 omuino
867 2657 940 2693 cesse
951 2651 992 2692 est
1006 2643 1152 2706 intelligere
1169 2641 1274 2692 verbum
1288 2641 1395 2706 aliquod

300 2718 435 2780 ignoratur
446 2731 528 2780 genus
539 2715 685 2780 Dymantis,
699 2717 755 2780 quis
770 2725 797 2766 et
812 2732 828 2766 a
867 2717 1396 2783 contrariasignificationisverbo‘vetan-

302 2803 353 2856 quo
373 2798 445 2842 satus
465 2791 552 2840 tuerit.
589 2791 664 2841 Solus
686 2791 826 2855 cedrenus,
869 2793 957 2856 tibus,'
972 2792 1310 2858 quodpraeponatnrrerbo
1327 2791 1394 2841 ‘ab-

302 2866 372 2930 quod
383 2866 471 2929 sciam,
481 2865 552 2914 illum
567 2879 600 2914 ex
618 2865 702 2914 Danai
714 2865 826 2928 posteris
867 2868 984 2931 stinere,'
992 2883 1094 2934 nempe,
1099 2869 1258 2931 jubentibus.
1267 2869 1309 2918 Sic
1317 2867 1395 2917 Pha.

301 2948 388 2991 ortum
399 2941 471 3002 dicit,
488 2947 515 2989 et
525 2941 571 3002 ita,
582 2939 604 2988 si
618 2939 688 2988 illum
704 2941 825 3003 sequaris,
867 2943 1038 3000 drus,rv.17.
1057 2946 1065 2972 ‘
1079 2944 1140 2992 Nou
1156 2950 1216 2993 veto
1232 2943 1337 3002 dimitti,
1349 2957 1395 2993 ve·

301 3015 391 3065 eadem
400 3016 450 3064 erit
461 3015 577 3065 Hecuba
589 3019 617 3064 et
628 3013 734 3062 Helenae
742 3013 827 3079 pffini·
866 3033 923 3068 rum
938 3019 1047 3068 cruciari
1061 3017 1147 3069 fame.’
1174 3017 1395 3079 Prooerumjubso
1500 3040 1503 3044 ·

301 3091 364 3140 tutis
381 3084 504 3140 maternae
521 3089 595 3151 ratio,
611 3102 669 3153 quae
689 3102 766 3152 supra
782 3103 826 3153 pa·
865 3094 1046 3155 marisam.
1078 3097 1112 3144 Et
1122 3095 1191 3158 apud
1206 3095 1290 3144 Tacit.
1304 3093 1394 3158 Agris.

301 3172 384 3215 terssae
396 3165 454 3214 tuit.
866 3174 874 3201 ‘
885 3172 941 3221 Nec
952 3186 1030 3235 pana
1035 3185 1145 3234 semper,
1153 3171 1197 3220 ssd
1207 3171 1301 3234 saepius
1313 3171 1395 3234 posui·

333 3239 342 3273 ¹
353 3242 445 3290 Cuncta
454 3239 569 3303 retexuit]
581 3241 710 3290 Retexere
722 3241 827 3304 propris
866 3247 948 3297 tentia
959 3253 1097 3296 contentus
1108 3246 1182 3298 esse.'
1211 3247 1262 3296 Ubi
1273 3245 1394 3296 manifes-

300 3326 353 3381 ast,
374 3317 442 3382 quod
460 3319 517 3380 jam
539 3323 639 3366 textum
658 3323 699 3366 est
718 3317 827 3378 solvere,
866 3329 920 3370 tum
927 3330 967 3371 est
978 3322 986 3350 ‘
997 3328 1133 3371 contentus
1141 3335 1198 3370 esse
1208 3319 1215 3342 ³
1225 3335 1283 3370 cum
1295 3323 1304 3350 ‘
1315 3335 1395 3385 poena

300 3394 456 3457 disjungere.
489 3391 565 3440 Unde
583 3405 632 3454 per
650 3391 826 3454 metaphoram
866 3405 894 3447 et
913 3396 1080 3461 poenitentia'
1101 3409 1153 3444 non
1172 3409 1247 3459 posse
1263 3410 1297 3445 ex
1317 3410 1394 3460 aeqno

300 3472 308 3498 ⁴
321 3467 459 3518 detexere'
475 3467 507 3516 de
526 3466 611 3515 verbis
625 3467 768 3530 usurpavit,
779 3481 826 3530 pro
866 3473 1013 3522 convenire.
1044 3473 1107 3521 ‘l'als
1118 3479 1159 3520 est
1171 3478 1198 3519 et
1208 3471 1277 3532 apud
1287 3471 1394 3520 Terent.

300 3558 331 3593 ea
342 3544 477 3608 quaintus
489 3542 562 3606 qnasi
573 3547 646 3590 texta
657 3541 826 3603 sunt,ordine
865 3548 947 3598 Andr.
962 3562 1007 3599 nr.
1023 3554 1048 3598 5,
1066 3549 1074 3575 ⁸
1087 3549 1205 3611 Namque
1223 3548 1271 3596 hoc
1289 3552 1393 3610 tempus

300 3616 414 3679 effuttire,
433 3617 503 3666 foras
525 3617 629 3679 ejicere.
670 3617 728 3668 Quo
749 3631 827 3667 sensu
866 3623 1094 3688 praenoscemini
1113 3637 1164 3685 me,
1185 3636 1235 3670 non
1257 3628 1285 3670 te
1303 3621 1395 3682 ulcisci

300 3707 351 3742 non
362 3692 465 3740 memini
473 3705 513 3744 me
521 3691 580 3740 alibi
588 3691 748 3742 observasse.
765 3693 826 3742 Non
866 3699 945 3750 sinit!
967 3699 1021 3749 Ubi
1038 3713 1085 3762 pro
1100 3697 1195 3752 ‘sinit'
1207 3697 1287 3747 debet
1303 3695 1393 3750 subin.

298 3768 366 3823 ruste
386 3766 464 3817 etism
480 3769 487 3796 ‘
500 3765 633 3816 retexere'
651 3767 765 3829 accipias
777 3782 825 3830 nro
865 3775 949 3837 tertiat
961 3773 1062 3838 ‘cogit'
1078 3774 1103 3822 tn
1116 3773 1195 3836 priori
1207 3771 1322 3822 membro
1334 3787 1394 3822 sss·

300 3842 410 3908 ‘imblici
424 3849 522 3892 101010·
548 3843 592 3892 Sic
608 3840 720 3891 inffssde
736 3843 825 3892 Mene·
865 3853 965 3904 tentiae.
997 3851 1122 3902 Sedillud
1136 3843 1394 3914 potiusetvitiosdm

298 3921 350 3968 ¹⁸⁰·
700 3908 713 3930 ’
865 3928 949 3976 notari
962 3926 1050 3987 debet,
1062 3939 1120 3975 eum
1132 3926 1165 3974 ob
1177 3926 1236 3984 alia,
1244 3933 1298 3976 tum
1310 3927 1393 3976 maxi·

330 4002 350 4029 ⁸¹
368 3993 457 4056 omit]
473 3991 717 4053 Sibfflffiiu‘ioeffl'i·
864 4001 988 4066 mequod
1007 3999 1220 4065 perspicuitatem
1240 3999 1323 4048 tollat.
1356 3997 1394 4050 Et

331 4078 343 4104 ⁰
360 4070 401 4123 Aa
418 4067 550 4132 penarum]
567 4067 610 4116 Ita
626 4067 652 4114 in
669 4068 731 4117 Mas.
748 4069 825 4120 itaut
863 4077 904 4126 iric
914 4077 992 4127 etiam
1009 4073 1089 4138 magis
1098 4074 1182 4138 probo
1193 4080 1201 4103 ¹
1213 4088 1246 4124 an
1257 4083 1394 4137 pmnaram

299 4158 349 4193 vox
370 4143 487 4193 ‘amore'
508 4143 611 4204 utrique
632 4143 778 4206 conveniat,
797 4153 824 4196 et
864 4151 954 4202 metu,'
1358 4149 1361 4156 ’

297 4217 475 4269 ‘Alexandri’
491 4223 519 4268 et
532 4216 540 4243 ‘
548 4229 679 4280 poenarum
689 4217 706 4268 :'
723 4226 751 4269 et
762 4232 823 4286 sene
