3112 4950
299 365 366 435 216
550 417 555 426 .
651 371 816 426 niceros
840 371 1046 423 canuausrs
1147 452 1150 456 Ι

300 524 385 590 riam
408 520 588 604 navigaret.
633 517 701 584 Sed
720 522 899 601 postquam
925 515 1087 581 devenere
1110 513 1155 579 ad
1175 533 1249 580 eum
1274 515 1398 594 locum,

299 605 469 710 paulisper
492 623 659 687 occultato
684 619 823 702 Ulysso,
848 619 906 684 nbi
931 614 1195 683 'Telemachuml
1223 636 1293 680 rem
1320 637 1398 702 qum

302 725 481 810 parabatur
507 721 685 800 edocuere,
713 721 846 786 domum
872 719 916 784 ad
942 717 1098 798 Ulyssem
1121 717 1207 782 clam
1233 717 1397 782 veniunt:

302 825 360 890 nbi
373 825 481 888 multo
497 825 577 889 vino
592 829 694 906 atque
708 821 816 906 epulis
838 821 985 904 repletos
1005 819 1077 902 jam
1092 815 1233 902 procosi
1253 819 1398 901 ingressi

297 925 506 992 interficiunt.
569 925 659 989 Dein
697 941 758 1006 per
794 923 965 986 ciuitatem
995 919 1153 1004 Ulyssem
1182 919 1397 996 adventasse,

298 1027 519 1110 popularibus
534 1027 704 1110 cognitum
720 1027 790 1088 cst:
815 1022 947 1105 aquis⁵
969 1021 1108 1102 benigne
1133 1025 1168 1085 et
1190 1039 1266 1084 cum
1280 1021 1398 1084 favore

298 1133 472 1212 exceptae,
488 1135 609 1194 cuncta
624 1146 700 1211 quae
717 1125 806 1190 domi
829 1130 924 1207 gesta
943 1128 1036 1188 erant
1050 1123 1239 1204 cognoscit:
1259 1123 1396 1186 meritos

299 1227 397 1294 donis
419 1237 478 1294 aut
502 1229 680 1313 suppliciis
695 1224 817 1292 afficit!
862 1227 916 1290 De
930 1221 1126 1307 Penelopa⁶
1143 1223 1284 1308 ejusque
1298 1222 1398 1306 pudi-

297 1329 389 1406 citia,
409 1332 573 1413 praeclara
594 1333 696 1395 fama.
741 1329 860 1412 Neque
878 1327 982 1392 multo
1005 1333 1096 1410 post,
1119 1325 1277 1408 precibus
1291 1331 1397 1407 atque

233 1509 238 1519 ι
295 1429 430 1495 hortatu
449 1431 588 1515 Ulyssis,
604 1431 737 1496 Alcinoi
751 1430 821 1494 filia
836 1425 1220 1494 Nausica¹Telemacho
1243 1425 1397 1489 denubit.

263 1589 267 1595 .
296 1529 464 1609 Paridem
477 1541 608 1617 tempus
625 1533 840 1608 Idomeneus,
856 1530 928 1594 dux
941 1534 1065 1606 noster,
1087 1527 1179 1611 apud
1194 1525 1331 1590 Cretam
1346 1527 1397 1590 in-

297 1633 420 1710 teriit,¹³¹
435 1634 559 1699 tradito
571 1654 630 1718 per
645 1634 891 1698 successionem
905 1631 1049 1695 Merioui
1059 1650 1159 1712 regno
1171 1637 1202 1694 :¹¹
1215 1635 1247 1692 et
1258 1627 1396 1703 Laerta,

296 1734 436 1806 triennio
460 1743 639 1819 postquam
661 1735 751 1800 filius
780 1734 916 1798 domum
939 1733 1048 1812 rediit,
1076 1731 1177 1796 linem
1199 1731 1278 1796 vitae
1304 1729 1396 1794 fecit.

328 2052 343 2096 t
363 2045 457 2113 Delph.
468 2048 612 2112 quidus-6
629 2048 726 2113 Delph.
738 2049 862 2112 Penelope.
965 2029 971 2047 ἦ

788 2223 896 2275 NOTAE

288 2347 348 2386 'sem
360 2349 376 2386 a
386 2335 539 2387 Phoeacibus
555 2338 582 2387 in
600 2339 716 2390 Ithacam
729 2339 823 2390 deduc·
864 2335 1170 2402 isse,re10assiplronern
1182 2332 1260 2383 filiam
1273 2333 1373 2386 Circes.

288 2419 360 2475 ¹tum,
371 2410 456 2474 ibique
467 2413 547 2461 solum
560 2415 686 2464 relietum.
698 2413 750 2464 Od.
761 2421 789 2464 Τ.
895 2419 914 2446 a
930 2413 1001 2476 nom
1015 2413 1112 2462 Cretum
1120 2409 1226 2473 interiit]
1250 2410 1396 2460 Homerum

325 2485 338 2519 ¹¹
357 2487 406 2536 Uti
419 2487 591 2550 Telemachum]
615 2489 667 2538 Sed
680 2503 712 2538 ex
726 2489 822 2538 Home·
863 2491 1092 2558 sequiturDictys3
1102 2501 1200 2538 names
1211 2487 1397 2552 ejusodysses

287 2571 332 2620 ro,
342 2562 511 2612 Telemachus
521 2572 579 2614 erat
591 2565 657 2628 apud
675 2565 821 2614 Menelaum
863 2569 986 2631 colligere
1002 2573 1051 2626 est,
1070 2564 1238 2614 Idomenenm
1257 2563 1344 2612 Cretae
1357 2563 1396 2613 in·

292 2639 321 2688 in
337 2639 440 2702 Sparta,
455 2651 513 2688 cum
525 2639 631 2704 Ulysses
647 2639 762 2689 Ithacam
779 2653 822 2688 ac·
863 2645 979 2694 teriisse:
998 2639 1257 2690 itaDiodot·.v1.lo.
1291 2635 1395 2688 Idome-

292 2714 381 2763 ctttii·
861 2734 937 2768 neum
949 2726 976 2766 et
989 2717 1132 2764 Meriouem
1144 2714 1218 2761 ‘oum
1229 2712 1338 2760 navibus
1349 2727 1396 2760 no·

324 2789 332 2821 ¹
347 2789 492 2839 Malloniae
503 2789 573 2854 etism
584 2791 822 2856 epulisrepletosjom
859 2794 965 2856 noginto
977 2791 1010 2840 ad
1027 2791 1104 2839 ilium
1124 2803 1181 2836 cum
1200 2785 1395 2850 Agamemnone

289 2863 386 2926 proces]
403 2865 540 2926 Homerus,
554 2865 607 2916 Od.
617 2873 644 2914 ψ.
860 2867 1003 2932 profectos,
1014 2877 1183 2926 reversoaqoe
1200 2869 1294 2924 postes
1309 2861 1336 2911 in
1348 2877 1395 2926 pa·

325 2937 338 2972 ¹¹
353 2939 404 2988 Aut
413 2939 534 3002 suppliciis
544 2941 628 3006 amicit]
651 2940 765 2991 Ancillas
774 2943 822 2992 dn·
859 2943 946 2999 triam,
959 2942 1027 2990 diem
1040 2953 1113 2988 snum
1125 2937 1230 2996 obiisse,
1240 2935 1394 2987 honorifice-

292 3013 391 3064 odeeim
403 3021 431 3062 et
442 3013 620 3066 Melambium.
631 3017 709 3066 Hom.
719 3018 771 3068 od.
781 3021 813 3070 Χ.
859 3031 909 3084 que
921 3017 1043 3080 sepultos,
1056 3014 1169 3064 Deorum
1187 3013 1298 3064 honores
1314 3011 1394 3062 titisse

322 3087 330 3122 ¹
347 3089 466 3154 Nassica]
478 3089 645 3140 scribendum
655 3106 687 3141 es
698 3091 821 3150 Homero,
861 3098 1002 3143 assecutos.
1027 3089 1127 3140 Horum
1139 3088 1277 3152 sepulchra
1286 3088 1313 3137 in
1322 3087 1395 3138 Goo-

285 3165 420 3216 'Nousieoa
445 3165 596 3216 Eustathius
608 3167 710 3230 quidem
722 3167 822 3226 scribit,
862 3183 891 3218 so
917 3169 965 3217 hac
992 3165 1165 3216 ostenduntur
1197 3163 1393 3226 inscriptiones

290 3235 468 3304 Aristotelem,
487 3243 513 3290 in
533 3239 665 3306 republica
679 3241 820 3294 Ithacensi·
862 3243 1310 3293 Gnosnluomeurrsneurcuauu
1318 3253 1393 3290 sser-

287 3316 502 3380 'um,Hellanium
513 3317 652 3368 tradidisse
663 3319 820 3374 Telemacho
861 3329 903 3380 cs,
920 3333 951 3368 ru
972 3331 1029 3372 cuo
1050 3331 1105 3368 noo
1123 3317 1240 3366 Macron
1256 3317 1334 3365 Mour
1346 3317 1393 3366 Fr·

288 3387 324 3440 'ex
347 3393 462 3442 Nausica
478 3391 639 3456 Persepolim
658 3393 773 3456 genitum
790 3393 819 3444 fi·
860 3403 919 3442 crus
945 3403 1121 3445 enoerueuus
1147 3391 1247 3442 Jacao.
1280 3391 1339 3442 Hos
1362 3399 1392 3442 ut

285 3467 352 3517 lium
369 3467 458 3517 luisse.
491 3467 542 3518 Sed
557 3469 624 3518 idem
636 3469 716 3518 etiam
728 3468 819 3518 Hesio·
854 3464 960 3516 'nobiles
978 3467 1069 3516 herois
1088 3467 1225 3516 Cretenses
1244 3465 1335 3516 colunt
1352 3481 1392 3516 ss·

291 3541 319 3590 di
330 3543 415 3590 locum
426 3539 513 3603 affert,
532 3542 578 3592 ubi
594 3543 733 3606 Polycaste
746 3543 819 3592 Tele·
860 3543 921 3604 cris,
942 3543 968 3592 in
990 3543 1116 3592 bellorum
1135 3543 1285 3592 discrimine
1301 3557 1391 3595 eorum

285 3612 382 3666 macho
397 3627 462 3664 uxor
473 3617 560 3673 datur,
575 3629 608 3664 ex
624 3631 675 3680 qua
691 3617 819 3680 Persepo·
861 3617 1183 3681 praesidiumiurooantes.'
1209 3618 1261 3666 Sed
1273 3617 1317 3668 alii
1330 3619 1390 3668 Ida·

287 3691 337 3741 lis:
359 3689 495 3752 Τηλεμάχῳ
507 3691 536 3738 ,δ’
550 3689 588 3754 'dp’
609 3689 702 3740 ἔτικτεν
718 3690 819 3753 ἐΰζωνος
860 3707 979 3743 mensum
992 3693 1052 3742 alibi
1065 3699 1191 3742 munuum
1204 3693 1304 3743 dicunt.

290 3765 445 3828 Πολυκάστη,
467 3765 587 3830 Νέστορος
605 3766 727 3826 ὁπλοτάτη
746 3767 818 3830 κούρη
889 3770 1018 3820 ¹'T'rudito
1036 3785 1079 3833 per
1099 3770 1267 3836 successionem
1283 3770 1390 3838 Mes-issi

289 3841 437 3903 Νηληϊάδαο,
458 3841 610 3904 Περσέπολιν.
643 3843 817 3894 ‘Telemacho
856 3843 941 3907 regno]
957 3845 1015 3895 lam
1027 3845 1184 3908 libroprimo
1196 3845 1387 3902 distineretur

289 3923 375 3968 antem
390 3915 479 3980 genuit
496 3915 817 3980 pulcraPoncaste,Nes·
856 3917 997 3968 Idomeneo
1020 3925 1047 3968 et
1070 3919 1181 3968 Merioui
1202 3919 1340 3970 civitatum
1363 3927 1388 3969 et

285 3993 354 4042 'toris
375 3991 513 4042 norissima
529 3991 581 4041 fllia
601 3991 730 4052 Neleidm,
756 3991 819 4042 Per·
857 4001 985 4044 tertarum
1004 3993 1140 4058 imperium
1152 3994 1302 4046 tradidisse:
1317 3999 1387 4046 'nrrnc

291 4067 414 4130 ospolim!
465 4066 526 4122 Alii¹
548 4068 633 4132 ipsum
666 4068 818 4132 Persepolin
857 4069 1012 4121 Idomeneus
1028 4071 1140 4121 moriens
1157 4073 1237 4122 solum
1258 4073 1385 4123 haeredem

292 4141 434 4206 Penelopae
456 4149 485 4192 et
500 4143 600 4207 Ulyssis
617 4141 697 4192 filium
719 4143 819 4206 dicunt,
858 4144 1002 4195 Merionen
1019 4145 1150 4210 relinquit.
1182 4145 1250 4196 Vide
1267 4161 1326 4213 qma
1343 4157 1384 4196 os·

290 4211 523 4282 Telemachumqne
533 4217 626 4270 Circen
637 4231 743 4270 osorem
755 4219 819 4269 dux·
859 4219 923 4283 tavi,
933 4219 966 4268 'ad
978 4231 997 4268 r.
1010 4224 1032 4267 1.
