3178 4948
488 405 535 453 nn
561 405 679 453 annno
703 403 874 454 unorsuo
900 405 972 455 nra.
996 406 1034 455 rr.
1235 389 1300 456 169

204 543 291 628 {aa}
315 544 415 624 Quod
430 547 606 612 ubi’nostri
620 547 889 624 animadvertere,
904 551 938 612 in
954 567 1108 632 eampum
1123 551 1298 631 progressi,

207 667 301 710 more
317 647 568 712 militiaeaciem
584 649 749 725 ordinant,
764 649 920 730 magistro
937 669 977 712 ac
993 655 1193 732 praeceptore
1209 668 1299 712 com·

207 747 351 828 ponendi
369 746 546 812 Mnestheo
561 748 780 814 Atheniensi:
803 749 959 815 ordinant
984 755 1093 813 autem
1109 767 1168 832 per
1188 755 1299 830 gentes

206 852 308 929 atque
332 848 481 929 regiones
513 851 673 932 singulas,
706 870 857 914 seorsum
885 856 1039 914 manente
1062 847 1196 913 Achille
1223 867 1300 912 cum

208 947 461 1029 Myrmidonum
472 951 631 1014 exercitu.
677 951 714 1014 Is
741 969 883 1034 namquo
903 969 1091 1034 quanquam
1112 950 1156 1012 oh
1173 947 1301 1012 illatam

207 1048 251 1110 ab
279 1047 540 1128 Agamemnone·
556 1050 722 1133 injuriam,
754 1057 788 1114 et
821 1049 1000 1112 abductam
1029 1047 1301 1130 Hippodamiam,

195 1147 287 1209 nihil
313 1147 415 1210 animi
440 1149 632 1228 remiserat3
663 1155 773 1213 tamen
796 1149 945 1212 maxime
969 1149 1182 1230 indignatus'
1211 1145 1302 1229 quod

206 1247 340 1328 reliquis
364 1245 506 1311 ducibus
528 1248 571 1310 ad
591 1267 722 1312 coenam
740 1248 907 1326 deductis,
929 1248 1021 1311 solus
1044 1247 1228 1312 contemtui
1242 1245 1302 1308 ha·

208 1345 299 1410 bitus
314 1347 587 1412 intermitteretur.
632 1348 787 1413 Ceterum
801 1348 959 1414 ordinato
981 1348 1140 1425 exercitu,
1160 1365 1201 1411 ac
1221 1353 1301 1410 tunc

207 1445 351 1528 primum
365 1448 516 1512 omnibus
532 1449 663 1531 copiis⁸
685 1448 862 1512 adversum
887 1467 923 1510 se
942 1449 1113 1512 instructis
1139 1447 1301 1524 hostibus,

208 1548 266 1610 ubi
289 1553 403 1612 neutra
418 1567 498 1632 pars
513 1546 745 1612 committereb
766 1548 878 1625 audet,
901 1547 1122 1630 paulisper-iu
1137 1545 1234 1610 loco⁶
1251 1566 1302 1610 re·

206 1647 505 1726 tentis-militibus,
532 1656 690 1732 tauquam
718 1649 759 1712 de
784 1648 945 1714 industria
970 1650 1124 1730 utrinque
1150 1649 1302 1730 receptui

207 1749 347 1814 canitur.
389 1749 473 1832 [ΒΖ]
494 1751 640 1840 Jamque
655 1750 770 1815 Graeci
785 1751 925 1832 regressi
939 1751 983 1814 ad
998 1769 1115 1825 naves,
1138 1768 1230 1812 arma
1244 1749 1302 1813 de·

208 1867 341 1930 ponere,
360 1869 401 1915 ac
417 1852 537 1933 singuli
551 1871 616 1934 per·
624 1853 700 1915 loca
715 1851 817 1915 solita
832 1871 955 1934 corpus
971 1852 1045 1914 cibo
1061 1869 1176 1913 curare
1190 1868 1303 1913 occoe-

209 1957 347 2030 perant;
371 1971 446 2015 cum
465 1951 613 2016 Achilles
634 1953 740 2015 ultum
765 1953 813 2016 ire
836 1954 975 2036 cupiens
999 1951 1148 2035 injurias,
1171 1950 1302 2032 ignaros

148 2123 151 2129 ¹
210 2051 340 2114 consilii
356 2054 408 2115 sui
422 2063 566 2130 nostros,
588 2059 621 2116 et
636 2054 679 2116 ob
694 2052 729 2115 id
744 2054 855 2134 otiose
873 2058 1022 2134 agentes,
1045 2053 1132 2115 clam
1147 2051 1305 2114 invadere·

209 2157 325 2216 tentat.
369 2150 416 2214 At
429 2152 486 2215 ubi
498 2153 644 2234 Ulysses
657 2173 678 2216 a
694 2151 915 2230 custodibus,‘³
933 2155 991 2235 qui
1006 2151 1214 2234 eruptionem
1227 2151 1302 2231 ejus

209 2262 464 2334 praesenserant,
487 2273 556 2316 rem
576 2253 744 2337 comperit,
760 2273 899 2335 propere
922 2253 1026 2316 duces
1041 2253 1302 2316 circumcursans
1338 2327 1342 2334 ⁵

209 2371 328 2434 magne
351 2373 435 2418 voce
462 2362 584 2431 monet,
607 2361 709 2436 atque
735 2354 880 2418 hortatur
900 2355 951 2417 uti
973 2353 1074 2416 armis
1097 2351 1236 2432 arreptis
1252 2359 1303 2414 tu·

210 2461 343 2518 crentur
368 2475 465 2519 sese:
496 2455 575 2520 dein
599 2455 781 2520 consilium
802 2457 1037 2538 inceptumque
1061 2451 1205 2524 Achillis
1235 2451 1303 2514 sin-

211 2555 298 2637 gulis
320 2557 445 2639 aperit:
468 2577 535 2642 quo
552 2557 699 2640 cognito,
721 2556 845 2642 clamor
865 2557 980 2638 ingens
995 2556 1106 2631 oritur,
1121 2551 1305 2616 festinanti-

211 2657 274 2719 bus
290 2657 333 2721 ad
348 2677 440 2723 arma
452 2660 583 2726 cunctis
597 2680 638 2724 ac
654 2679 803 2724 seorsum
815 2659 876 2723 sibi
889 2657 1028 2740 singulis
1040 2653 1303 2721 consulentibus.

212 2759 267 2823 Ita
282 2757 432 2826 Achilles
447 2781 615 2846 praeverso
639 2759 739 2827 dese
763 2762 902 2838 nuntio:
924 2761 982 2824 ubi
1009 2777 1123 2824 omnes
1147 2757 1180 2819 in
1203 2755 1303 2819 armis
1398 2752 1402 2761 “

706 2945 814 2996 NOTAE

213 3071 269 3114 rum
287 3057 373 3120 lingua
391 3057 444 3108 late
463 3056 636 3121 dispersorum
655 3057 735 3106 horni-
774 3057 845 3105 τοῦτο
855 3055 893 3105 del
903 3055 946 3103 τσῦ
955 3052 989 3114 μὴ
1000 3055 1123 3112 κληθῆναι.
1135 3049 1142 3080 “
1155 3047 1207 3098 Aut
1216 3048 1237 3097 si
1249 3047 1305 3112 qula
1371 3101 1375 3112 Ι

212 3129 291 3180 num!
776 3130 855 3186 dicat,
867 3129 899 3177 ad
912 3143 1012 3177 eoenanr
1024 3128 1117 3186 vocari,
1135 3121 1305 3172 honoriticen-

241 3213 253 3237 ²
266 3206 351 3256 Turres
361 3206 463 3255 anaainoe
472 3205 621 3268 indignatus]
630 3205 737 3268 Supple,
776 3204 919 3264 tissimnm;
939 3217 997 3250 nam
1007 3201 1066 3265 qnia
1076 3215 1127 3249 nou
1139 3204 1244 3248 vocatus
1255 3197 1307 3247 suit

212 3287 276 3330 erat·
298 3281 359 3340 ,Sed
377 3295 424 3342 ego
443 3281 484 3329 hic
497 3281 596 3345 Dictyn
615 3281 737 3341 demiror,
776 3279 901 3340 Achilles,
919 3277 1066 3336 succensuit
1086 3273 1193 3323 Achivis
1211 3274 1236 3320 in
1255 3274 1305 3321 'l'e-

211 3356 255 3418 qui
273 3355 399 3405 Achillem
420 3370 470 3406 non
490 3363 541 3404 tam
553 3356 587 3410 ob
598 3358 736 3406 abductam
778 3352 854 3402 nedo.
887 3351 937 3400 llle
956 3357 1042 3398 antam
1061 3348 1184 3411 quianon
1196 3345 1307 3394 aestima·

211 3429 412 3492 Hippodamiam
431 3429 589 3492 indignatum
604 3431 740 3490 describit,
779 3437 820 3478 tas
835 3426 920 3475 fuerat
939 3422 1097 3481 succensuit,
1111 3417 1267 3482 acceditque
1279 3417 1306 3468 id

211 3519 288 3568 quam
306 3501 376 3566 qnod
395 3501 427 3550 ad
443 3517 540 3551 cunam
552 3518 609 3552 curn
620 3505 676 3552 aliis
688 3519 739 3553 non
779 3517 812 3551 ex
824 3497 933 3562 eoquod
947 3510 998 3544 non
1010 3501 1114 3544 vocatus
1127 3491 1194 3542 init!

211 3577 291 3628 suerit
311 3583 425 3624 vocatus.
463 3576 619 3625 Meminerat
638 3577 740 3626 scilicet
812 3582 825 3609 ⁸
842 3573 958 3623 Omnibus
976 3569 1061 3634 σσμίίσ]
1081 3565 1236 3618 ‘instructis
1251 3567 1307 3616 hor-

212 3659 301 3704 naster
322 3651 416 3713 Dictys
435 3649 507 3698 Deos
527 3650 606 3700 etiam
626 3650 685 3699 olim
704 3649 738 3700 oh
781 3647 1004 3700 tibus'adversnnr
1024 3659 1052 3694 sa
1072 3642 1188 3693 omnibus
1207 3641 1307 3709 eopiir.’

213 3728 295 3778 simile
308 3724 468 3775 commissum
479 3724 569 3792 clades
579 3726 681 3790 populis
692 3726 738 3780 inr-
778 3724 986 3788 Subintelligitnr
998 3720 1242 3787 praepositionem
1253 3723 1307 3768 orn*

212 3803 319 3865 misisse,
337 3809 368 3850 nt
384 3800 416 3850 ah
434 3801 464 3850 iis
481 3815 571 3864 poeuas
582 3807 740 3864 repeterent.
780 3801 856 3852 nibus
867 3797 965 3864 copiis!

213 3879 272 3930 Hoc
282 3881 368 3928 autem
380 3875 527 3924 immutasse
537 3873 639 3924 videtur
647 3875 740 3938 Dictys
811 3876 823 3910 δ
842 3873 1005 3936 Committere]
1030 3871 1151 3934 Proprie,
1167 3868 1195 3919 id
1208 3873 1259 3932 est,
1268 3867 1306 3918 ln·

214 3969 247 4003 ex
260 3952 411 4014 Aristotele,
429 3964 461 3999 rr.
476 3949 553 4001 Rhet.
569 3954 611 4000 24.
629 3951 673 4000 nbi
691 3950 707 4009 ll
722 3949 745 4000 d
782 3951 869 4014 cipere
880 3967 886 3996 z
896 3947 1059 3997 uosdicimus
1070 3948 1169 3994 donner.

214 4045 250 4078 τις
264 4027 331 4090 φαίη,
342 4025 371 4074 rh
383 4024 421 4074 erl
431 4026 524 4074 δεῖπνον
534 4025 648 4082 κληθῆναι
659 4023 739 4085 τιμαό-
810 4033 822 4060 ⁶
838 4026 869 4075 ln
879 4023 938 4086 loco]
956 4023 1077 4072 Graecum
1089 4018 1179 4069 αὐτόθι.

214 4117 295 4152 esron·
312 4099 408 4164 διὰγὲρ
421 4099 451 4148 rh
466 4099 741 4164 μὴκληθῆναιὸἈχιλ·
812 4097 1019 4160 dAeastodihar]
1040 4093 1242 4144 Desuatiaeltes.
1297 4093 1300 4108 ¹

216 4176 271 4228 λεὺς
281 4177 374 4238 ἐμήνισε
381 4178 430 4225 τοῖς
439 4177 544 4239 Ἀχαιοῖς
555 4177 580 4224 ἐν
589 4178 688 4237 Τενεδῷ.
711 4177 741 4225 Ὅ
814 4183 825 4210 ⁸
842 4177 966 4229 Proeaerso
977 4175 1005 4221 de
1016 4185 1041 4220 ss
1051 4169 1146 4236 naratio]
1171 4167 1194 4218 1.
1206 4182 1229 4217 e.
1242 4181 1306 4230 pras.

216 4253 235 4302 t·
252 4251 282 4302 ds
297 4249 465 4314 ἀτιμαζόμενος
483 4251 588 4317 ἐμήνισε,
606 4250 696 4313 συνέβη
712 4251 738 4304 δὲ
778 4257 915 4315 occupato.
943 4239 1307 4310 viip‘v01ecramquerugr
