3112 4950
463 407 512 454 os
536 405 664 454 nxcrn.
687 407 813 456 uacum
837 407 985 457 rrrsroa.
1196 395 1262 462 aab

178 567 254 630 quae
269 565 343 612 cum
356 544 494 610 Priamo
503 554 522 582 ¹¹
544 552 655 630 egerat
669 567 764 614 servo
779 549 878 614 dicit:
901 568 1016 614 servus
1032 548 1153 616 Achilli
1176 570 1261 618 nun-

176 651 257 712 tiat:
275 647 425 712 Achilles
439 649 542 730 vulgo·
552 649 707 732 queritur,
722 649 821 713 unius
835 651 980 714 mulieris
997 649 1140 716 Helenae
1156 673 1261 719 cansa

176 753 278 812 totam
288 747 457 814 Graeciam
466 755 500 814 et
511 750 681 832 Europam
695 749 895 824 advocatam
908 769 995 828 esse,
1005 757 1098 816 tanto
1111 760 1259 836 tempore

178 854 229 914 tot
242 849 348 914 millia
360 849 698 933 hominum'periisse;
721 857 773 915 tot
789 851 937 934 pericula
950 851 1053 932 adiri;
1074 853 1260 918 libertatem

176 949 211 1012 in
226 949 365 1033 ancipiti
378 971 471 1016 osse:
493 953 602 1016 unde¹
626 951 697 1016 fieri
709 971 825 1034 pacem
844 951 972 1030 debere,
992 955 1155 1018 exercitus
1169 973 1261 1020 recc-

177 1050 265 1115 dere.
308 1049 428 1116 Annus
443 1055 661 1117 circumactus
677 1059 738 1117 est.
768 1051 968 1118 Palamedes
982 1056 1167 1119 exercitum
1181 1056 1261 1121 edn-

174 1153 235 1230 cit,
250 1153 389 1218 instruit.
433 1155 513 1239 [28]
536 1153 733 1238 Deiphobus
759 1161 887 1218 contra.
929 1154 1080 1220 Achilles
1100 1157 1205 1222 iratus
1224 1157 1261 1221 in

175 1252 327 1334 praelium
349 1274 415 1318 non
436 1254 559 1337 prodit.
602 1253 801 1318 Palamedes
816 1255 1028 1320 occasionem
1042 1263 1177 1336 nactus,
1199 1258 1261 1321 im·

174 1353 380 1436 pressionem
393 1355 428 1418 in
442 1354 655 1438 Deiphobum
675 1352 766 1430 facit,
787 1357 912 1418 etcum
928 1357 1105 1420 obtruncat
1118 1365 1150 1416 :y
1171 1376 1257 1440 pra-

175 1455 257 1519 lium
273 1475 348 1520 acre
362 1456 512 1539 insurgit,
534 1457 577 1520 ab
593 1455 740 1538 utrisque
754 1457 902 1539 partibus
917 1457 1023 1521 multa
1038 1457 1143 1522 millia
1155 1457 1261 1524 homi-

176 1576 256 1620 num
267 1557 400 1622 cadunt.
444 1557 642 1622 Palamedes
657 1558 692 1620 in
707 1558 815 1640 prima
826 1559 897 1620 acie
911 1563 1078 1640 versatur3
1100 1558 1261 1628 hortatur·

176 1659 242 1739 que
270 1663 304 1722 ut
327 1659 481 1741 praelium
504 1657 632 1723 fortiter
660 1664 784 1738 gerant.
828 1656 954 1721 Contra
977 1677 1054 1722 eum
1084 1659 1261 1742 Sarpedon

176 1757 298 1841 Lycius
322 1761 475 1837 occurrit,
491 1777 633 1841 eumque
659 1758 857 1822 Palamedes
882 1759 1055 1822 interficit.¹
1098 1759 1150 1822 Eo
1171 1760 1260 1826 lactc
1326 1831 1330 1838 ,

176 1858 274 1924 laetus
289 1861 323 1923 in
338 1864 410 1925 acie
422 1867 579 1925 versatur.
623 1859 686 1922 Cui
701 1857 866 1922 exultanti
889 1865 924 1920 et
945 1858 1097 1938 glorianti
1111 1859 1261 1925 Alexan·

176 1959 233 2023 der
246 1959 344 2022 Paris
361 1961 481 2042 sagitta
503 1959 627 2024 collum
651 1957 838 2040 transfigit·
881 1957 1031 2042 Phryges
1052 1960 1260 2028 animadver-

175 2066 256 2136 tunt,
271 2060 338 2136 tela
351 2061 543 2145 conjiciunt,
558 2067 660 2142 atque
673 2059 722 2124 ita
737 2057 938 2122 Palamedes
953 2059 1125 2126 occiditur.
1164 2062 1259 2147 Rege

176 2161 304 2237 occiso,
318 2158 434 2243 Argivi
447 2161 579 2240 cedunt,
593 2159 731 2244 Trojani
746 2165 994 2244 persequuntur,
1010 2167 1121 2241 castra
1134 2183 1259 2248 oppug-

175 2267 265 2344 nant,
278 2283 383 2329 naves
397 2264 587 2342 incendunt,
602 2263 713 2328 cuncti
735 2262 990 2346 impressionem
1006 2262 1141 2342 faciunt,
1155 2267 1260 2350 turpi·

175 2369 223 2426 ter
236 2363 359 2429 Achivi
373 2372 464 2447 terga
478 2372 621 2442 vertunt,
634 2365 667 2428 in
682 2373 793 2428 castra
808 2363 1007 2445 confugiunt.
1039 2363 1164 2432 Achilli
1177 2387 1262 2432 nun·

175 2463 293 2528 tiatum
315 2473 388 2531 est:
419 2465 617 2530 dissimulat.
660 2463 752 2550 Ajax
773 2463 990 2528 Telamonius
1013 2463 1190 2531 fortissime
1204 2467 1260 2531 dc-

174 2564 298 2630 fendit:
310 2565 323 2602 ¹’
337 2587 407 2631 nox
422 2567 573 2650 praelium
585 2565 717 2629 dirimit.
761 2561 877 2646 Argivi
892 2563 926 2626 in
938 2565 1055 2628 castris
1067 2564 1261 2631 Palamedis

175 2665 363 2746 scientiam,
379 2669 581 2751 aequitatem,
594 2666 791 2742 bonitatem,
808 2664 1014 2728 clementiam
1025 2665 1259 2731 lamentantur.

174 2767 258 2850 [29]
272 2768 409 2852 Trojani
424 2770 648 2851 Sarpedonem
663 2773 699 2830 et
714 2765 929 2848 Deiphobum
943 2763 1074 2830 deflent.
1118 2765 1258 2847 Nestor,

173 2856 231 2950 qui
245 2871 352 2954 major
367 2879 440 2937 erat
453 2877 543 2947 natu,
558 2873 660 2934 noctu
674 2867 777 2931 duces
796 2866 831 2929 in
846 2865 1017 2930 consilium
1033 2874 1164 2946 evocat,
1179 2888 1257 2934 sua·

173 2969 244 3046 det,
252 2971 411 3050 hortatur,
422 2971 479 3037 ut⁶
490 2973 723 3054 imperatorem
733 2966 928 3052 praeficiant,
938 2972 973 3032 et
986 2969 1016 3034 si
1030 2969 1081 3034 eis
1090 2969 1254 3048 videatur,

628 3159 805 3181 ΝΝΜΝΝ

204 3284 221 3328 6
241 3280 284 3330 Uti
295 3280 389 3346 Delph.

662 3425 768 3478 NO'l'AE

204 3565 221 3590 v
239 3557 327 3606 Eodem
338 3557 437 3608 Hm
454 3571 505 3622 Μ
520 3572 572 3607 mm
587 3557 697 3622 Priamo]
735 3549 832 3600 dicunt.
861 3547 927 3598 Vide
938 3547 1014 3601 Hom.
1026 3550 1058 3602 ll.
1069 3555 1101 3600 u.
1128 3548 1180 3600 Adi
1190 3551 1259 3616 apud

172 3632 282 3682 Hecuba
292 3645 365 3681 servo
377 3631 443 3682 dicit
457 3632 557 3696 eudem,
568 3647 625 3698 quae
637 3646 695 3682 cum
735 3627 844 3690 Dictyn.

170 3702 385 3770 Priamoegerat.
766 3697 1262 3768 ⁸AlexanderPcriungittacollumtruar·

202 3788 216 3814 ¹
235 3783 313 3847 Unde]
330 3783 361 3831 ld
373 3789 422 3838 est,
434 3797 522 3847 quare.
727 3777 801 3842 figit]
815 3775 948 3839 Nusquam
959 3774 1021 3824 alibi
1030 3774 1118 3838 legere
1127 3776 1217 3840 persia,
1226 3776 1259 3826 ab

202 3865 214 3900 l
230 3859 266 3907 'lit
276 3873 327 3908 eum
337 3858 472 3921 obtruncat]
495 3858 538 3909 Ab
548 3859 604 3908 aliis
615 3851 695 3909 omni.
734 3852 883 3904 Alexandro
904 3851 1068 3901 Palamedem
1090 3853 1260 3914 vulneratum,

170 3931 218 3980 huo
240 3933 359 3994 discedit,
378 3933 421 3998 qut
443 3934 559 3984 scribunt
580 3935 695 3998 Deipho·
734 3927 866 3978 etdeinde
881 3927 920 3977 ita
936 3927 1056 3977 occisum.
1087 3927 1140 3977 sed
1155 3927 1189 3976 de
1205 3927 1260 3990 eiu·

172 4007 232 4056 hum
243 4023 258 4056 a
270 4007 389 4059 Menelao
400 4010 521 4061 occisum.
547 4010 615 4061 Vide
625 4010 694 4074 apud
733 4011 825 4068 morte,
835 4003 894 4053 vide
904 4001 972 4066 npud
985 4002 1092 4064 Dictyn.

171 4084 277 4146 Dictyn.
764 4079 857 4140 ”Aina
876 4077 1024 4128 Telormatns
1031 4075 1164 4136 fortissime
1178 4077 1258 4137 ilden-

203 4159 335 4222 ¹liumque
346 4159 620 4226 Polumedeatuterptcr‘t]
641 4159 693 4210 Sed
731 4157 780 4222 dit]
807 4159 847 4206 Ex
867 4156 981 4212 Homero
1002 4162 1030 4206 et
1051 4155 1138 4220 Dicty,
1160 4163 1259 4207 mutato

172 4232 215 4282 alii
233 4247 321 4284 omnen
337 4249 394 4286 cum
414 4251 429 4287 a
445 4236 566 4287 Patroclo
582 4235 695 4286 occisum
734 4243 966 4298 tantumtempora.
