3178 4948
594 343 721 418 ¹,escaus
741 345 890 400 uaoroa.
1244 335 1287 399 91

195 499 348 559 suaserat
364 491 534 568 Laocoon,
549 491 675 557 Priami
697 495 784 576 regis
805 516 847 559 ex
861 497 1008 562 Hecuba
1022 493 1113 562 lilius
1127 504 1163 562 ot
1180 496 1288 582 Apol-

196 595 272 659 linis
294 593 485 676 Thymbraei
506 593 683 674 sacerdos3
704 593 902 677 hastamque
926 597 960 660 in
983 615 1061 660 enm
1087 595 1293 664 vibraverat·

197 695 401 777 Verumque
416 693 559 760 facinore
572 695 745 772 Minervoe,
760 703 798 761 ut
813 697 887 781 ejus
903 697 983 762 doni
1000 697 1153 774 violator,
1166 716 1288 781 provo·

196 797 288 860 cavit
302 797 404 873 iram;
427 813 502 876 quae
524 791 612 858 duos
635 794 807 859 immensae
829 796 1063 877 magnitudinis
1085 804 1288 880 serpentese

194 896 352 960 fluctibus
360 915 515 972 evocans,
531 895 770 980 Antiphantem
780 903 813 962 et
826 897 1073 980 Thymbraeum,
1085 897 1289 964 Laocoontis

195 995 294 1073 filios,
307 1015 390 1060 mox
404 997 559 1078 etipsum
579 997 707 1060 auxilio
725 1002 960 1074 accurrentem,
970 997 1012 1060 iis
1027 997 1171 1060 necavit.
1193 995 1289 1080 Virg.

198 1113 239 1161 ιι.
256 1097 333 1161 AEn.
355 1096 432 1160 212.
454 1095 644 1171 Petronius,
670 1095 812 1179 Satyric.
835 1095 889 1158 49.
914 1096 1060 1180 denique
1083 1094 1290 1177 Smyrnaeus,

195 1196 230 1259 in
258 1197 375 1260 multis
400 1196 617 1279 discrepaus;
638 1196 744 1266 veluti
764 1201 798 1260 et
828 1195 995 1279 Hyginus,
1022 1194 1178 1278 qui135.
1205 1195 1290 1260 Fah.

195 1297 324 1360 mavult
347 1295 546 1378 Apollinem¹
566 1306 733 1378 serpentes
755 1315 775 1360 e
797 1297 881 1360 mari
903 1297 1132 1374 summisisse;
1168 1296 1289 1360 iratum

194 1415 327 1480 nempe,
342 1396 431 1478 quod
454 1395 612 1460 Laocoon
632 1395 790 1460 sacerdos
808 1413 951 1460 uxorem
966 1396 1133 1473 duxisset,
1147 1395 1289 1461 liberos·

196 1517 261 1581 que
276 1517 322 1561 ex
338 1516 380 1560 ea
390 1503 616 1579 procreasset.

239 1596 390 1662 Statuam
411 1595 496 1658 hanc
510 1595 679 1679 depictam
694 1595 813 1660 dedere
828 1596 994 1672 Pererius,
1010 1597 1174 1674 Dalenus,
1190 1595 1290 1680 Epis·

195 1697 328 1780 copias,
344 1695 566 1772 Andrantius,
581 1702 706 1760 etanta
727 1715 792 1769 eos,
809 1696 914 1763 Mero.
937 1695 1133 1775 Ravennae,
1150 1695 1290 1762 Manlia·

195 1816 270 1874 nus,
297 1797 492 1882 plurimique
513 1796 606 1860 Itali.
651 1797 809 1861 Meminit
830 1796 905 1878 ejus
929 1798 1002 1879 ipse
1028 1797 1117 1860 Plin.
1140 1796 1188 1860 H.
1204 1795 1288 1860 Nat.

196 1913 338 1962 xxxvi.
353 1899 385 1960 5.
408 1895 611 1974 ‘Laocoon,'
630 1897 749 1980 inquit,
771 1897 853 1980 ‘qni
868 1904 921 1964 est
935 1898 970 1960 in
991 1897 1062 1964 Titi
1083 1897 1291 1981 imperatoris

195 2000 307 2075 domo,
322 2015 410 2080 opus
433 1999 588 2062 omnihus
610 2007 644 2062 et
664 1998 806 2080 picturae
833 2003 867 2062 et
889 2000 1060 2063 statuariae
1076 2000 1156 2062 artis
1170 1997 1292 2082 praele-

195 2099 345 2162 rendum.
401 2097 455 2160 Ex
478 2117 544 2162 uno
564 2099 678 2180 lapide
699 2119 788 2176 eum,
816 2105 852 2162 et
876 2099 1013 2174 liberos,
1040 2097 1291 2179 draconumque

194 2189 368 2264 mirabiles
380 2217 498 2275 nexus,
511 2199 553 2260 de
564 2199 698 2286 consilii
710 2199 873 2263 sententia
885 2198 991 2262 fecere
1006 2198 1127 2260 summi
1136 2197 1291 2273 artifices,

194 2299 400 2382 Agesander,
410 2304 445 2362 et
457 2297 659 2382 Polydorus,
670 2305 706 2362 et
723 2295 973 2373 Athenodorus,
986 2294 1134 2360 Rhodii?
1177 2295 1292 2373 Quare

197 2407 231 2466 et
244 2398 344 2463 hodie
356 2418 441 2476 eam,
452 2418 471 2462 e
484 2417 645 2463 marmore
660 2399 794 2482 quidem
807 2397 1058 2473 candidissimo,
1070 2396 1169 2460 anxie
1180 2400 1293 2459 servat

196 2499 373 2565 Pontifiois
389 2499 536 2563 Maximi
550 2497 753 2564 Vaticanum
766 2498 970 2572 viridarium·
1289 2581 1290 2586 ἵ

240 2601 349 2666 Recte
362 2607 471 2666 autem
486 2599 633 2684 Begerus
642 2600 707 2664 hoc
718 2606 969 2664 monumentum
984 2595 1137 2662 Maronis
1150 2612 1292 2660 exorna·

196 2694 244 2766 vit
257 2702 414 2778 carmine,
440 2701 530 2784 quod
550 2701 718 2766 funestum
741 2699 947 2766 Laocoontis
969 2717 1086 2765 casnm
1110 2697 1160 2762 sic
1174 2695 1293 2778 depin-

220 2803 265 2868 it:
304 2861 307 2872 ..

197 2819 219 2886 g
770 2885 914 2967 Agmine
931 2890 1023 2950 certo

283 2989 480 3053 Laocoonta
493 2991 622 3070 petunt,
636 2992 668 3050 et
681 2985 823 3068 primum
837 3005 944 3069 parya
958 2987 1096 3049 duorum

235 3081 237 3088 '
286 3089 437 3172 Corpora
450 3098 603 3152 natorum
617 3105 754 3168 serpens
766 3087 941 3168 amplexus
952 3092 1091 3166 uterque

285 3191 455 3274 implicat,
469 3196 505 3252 et
518 3188 657 3251 miseros
672 3205 784 3250 morsu
799 3185 990 3268 depascitur
1005 3189 1106 3248 artus.

283 3291 371 3354 Post
384 3291 495 3370 ipsum
510 3285 638 3350 auxilio
653 3287 851 3350 subeuntem
873 3302 914 3347 ac
929 3283 997 3346 tela
1009 3283 1172 3348 serentem*

285 3388 488 3467 Gorripiunt,
502 3386 668 3467 spirisque
682 3385 788 3464 ligant
802 3382 1015 3463 ingentibus:
1036 3383 1151 3464 etjam

286 3487 349 3552 Bis
362 3484 509 3550 medium
524 3483 680 3565 amplexi,
694 3483 748 3545 bis
764 3481 852 3544 collo
862 3499 1022 3564 squamea
1036 3481 1164 3546 circam

284 3585 393 3668 Terga
409 3584 489 3660 dati,
505 3588 659 3665 superant
674 3583 784 3665 capite
799 3587 832 3646 et
846 3579 1033 3658 cervicibus
1048 3579 1135 3648 altis.

286 3686 352 3752 Ille
371 3683 472 3748 simul
486 3681 640 3746 manibus
655 3682 760 3746 tendit
774 3681 927 3745 divellere
941 3681 1062 3759 nodos,

285 3782 446 3852 Perfusus
460 3783 551 3846 sanie
566 3782 666 3846 vittas
679 3787 818 3864 atroque
832 3797 972 3845 veneno.

286 3886 458 3958 clamores
474 3883 575 3949 simul
589 3878 769 3952 horrendos
783 3881 828 3952 ad
841 3881 951 3948 sidera
960 3881 1057 3948 tollit.
