<?xml version="1.0" encoding="UTF-8"?>
<!DOCTYPE html PUBLIC "-//W3C//DTD XHTML 1.0 Transitional//EN"
    "http://www.w3.org/TR/xhtml1/DTD/xhtml1-transitional.dtd">
<html xmlns="http://www.w3.org/1999/xhtml" xml:lang="en" lang="en">
 <head>
  <title>
</title>
<meta http-equiv="Content-Type" content="text/html;charset=utf-8" />
  <meta name='ocr-system' content='tesseract 3.04.00' />
  <meta name='ocr-capabilities' content='ocr_page ocr_carea ocr_par ocr_line ocrx_word'/>
</head>
<body>
  <div class='ocr_page' id='page_1' title='image "./dictyscretensis00dresgoog_0209.png"; bbox 0 0 3152 4950; ppageno 0'>
   <div class='ocr_carea' id='block_1_1' title="bbox 297 359 1062 426">
    <p class='ocr_par' dir='ltr' id='par_1_1' title="bbox 297 359 1062 426">
     <span class='ocr_line' id='line_1_1' title="bbox 297 359 1062 426; baseline 0 0"><span class='ocrx_word' id='word_1_1' title='bbox 297 359 364 426; x_wconf 70' lang='lat'><strong>2⁰0</strong></span> <span class='ocrx_word' id='word_1_2' title='bbox 652 371 815 423; x_wconf 77' lang='lat' dir='ltr'><strong>nrcrroe</strong></span> <span class='ocrx_word' id='word_1_3' title='bbox 838 371 1062 426; x_wconf 74' lang='lat' dir='ltr'><strong>cananaeis,</strong></span> 
     </span>
    </p>
   </div>
   <div class='ocr_carea' id='block_1_2' title="bbox 294 515 1395 2310">
    <p class='ocr_par' dir='ltr' id='par_1_2' title="bbox 294 515 1395 2310">
     <span class='ocr_line' id='line_1_2' title="bbox 300 515 1395 600; baseline 0.002 -17"><span class='ocrx_word' id='word_1_4' title='bbox 300 520 388 598; x_wconf 85' lang='lat' dir='ltr'><strong>Dein</strong></span> <span class='ocrx_word' id='word_1_5' title='bbox 408 517 468 583; x_wconf 89' lang='lat' dir='ltr'><strong>ubi</strong></span> <span class='ocrx_word' id='word_1_6' title='bbox 489 516 642 582; x_wconf 81' lang='lat' dir='ltr'><strong>ascendit</strong></span> <span class='ocrx_word' id='word_1_7' title='bbox 657 517 744 600; x_wconf 83' lang='lat' dir='ltr'><strong>ipse,</strong></span> <span class='ocrx_word' id='word_1_8' title='bbox 760 516 1002 583; x_wconf 85' lang='lat' dir='ltr'><strong>Automedenti</strong></span> <span class='ocrx_word' id='word_1_9' title='bbox 1023 517 1175 600; x_wconf 82' lang='lat' dir='ltr'><strong>inperat,</strong></span> <span class='ocrx_word' id='word_1_10' title='bbox 1200 515 1294 584; x_wconf 85' lang='lat' dir='ltr'><strong>daret</strong></span> <span class='ocrx_word' id='word_1_11' title='bbox 1317 519 1395 584; x_wconf 85' lang='lat' dir='ltr'><strong>lora</strong></span> 
     </span>
     <span class='ocr_line' id='line_1_3' title="bbox 298 613 1395 704; baseline 0.001 -20"><span class='ocrx_word' id='word_1_12' title='bbox 298 613 403 704; x_wconf 83' lang='lat' dir='ltr'><strong>equis.</strong></span> <span class='ocrx_word' id='word_1_13' title='bbox 447 617 503 683; x_wconf 85' lang='lat' dir='ltr'><strong>Ita</strong></span> <span class='ocrx_word' id='word_1_14' title='bbox 517 635 614 682; x_wconf 75' lang='lat' dir='ltr'><strong>curru</strong></span> <span class='ocrx_word' id='word_1_15' title='bbox 637 618 770 682; x_wconf 91' lang='lat' dir='ltr'><strong>concito</strong></span> <span class='ocrx_word' id='word_1_16' title='bbox 794 637 854 700; x_wconf 87' lang='lat' dir='ltr'><strong>per</strong></span> <span class='ocrx_word' id='word_1_17' title='bbox 878 635 1045 700; x_wconf 82' lang='lat' dir='ltr'><strong>campum,</strong></span> <span class='ocrx_word' id='word_1_18' title='bbox 1068 633 1135 700; x_wconf 81' lang='lat' dir='ltr'><strong>qne</strong></span> <span class='ocrx_word' id='word_1_19' title='bbox 1155 619 1305 684; x_wconf 72' lang='lat' dir='ltr'><strong>maxim</strong></span> <span class='ocrx_word' id='word_1_20' title='bbox 1326 621 1395 685; x_wconf 80' lang='lat' dir='ltr'><strong>visi</strong></span> 
     </span>
     <span class='ocr_line' id='line_1_4' title="bbox 295 713 1395 802; baseline 0.002 -18"><span class='ocrx_word' id='word_1_21' title='bbox 295 716 480 802; x_wconf 78' lang='lat' dir='ltr'><strong>poterat,⁶‘¹</strong></span> <span class='ocrx_word' id='word_1_22' title='bbox 503 719 668 802; x_wconf 82' lang='lat' dir='ltr'><strong>pervolat,</strong></span> <span class='ocrx_word' id='word_1_23' title='bbox 688 713 818 784; x_wconf 85' lang='lat' dir='ltr'><strong>hostem</strong></span> <span class='ocrx_word' id='word_1_24' title='bbox 832 718 1018 784; x_wconf 86' lang='lat' dir='ltr'><strong>mirandum</strong></span> <span class='ocrx_word' id='word_1_25' title='bbox 1043 719 1077 783; x_wconf 91' lang='lat' dir='ltr'><strong>in</strong></span> <span class='ocrx_word' id='word_1_26' title='bbox 1100 717 1236 784; x_wconf 88' lang='lat' dir='ltr'><strong>modum</strong></span> <span class='ocrx_word' id='word_1_27' title='bbox 1251 721 1395 786; x_wconf 87' lang='lat' dir='ltr'><strong>circum·</strong></span> 
     </span>
     <span class='ocr_line' id='line_1_5' title="bbox 297 813 1394 904; baseline 0.002 -18"><span class='ocrx_word' id='word_1_28' title='bbox 297 813 451 886; x_wconf 75' lang='lat' dir='ltr'><strong>trahone:</strong></span> <span class='ocrx_word' id='word_1_29' title='bbox 473 837 577 901; x_wconf 83' lang='lat' dir='ltr'><strong>genus</strong></span> <span class='ocrx_word' id='word_1_30' title='bbox 591 837 704 902; x_wconf 79' lang='lat' dir='ltr'><strong>poenae</strong></span> <span class='ocrx_word' id='word_1_31' title='bbox 722 829 874 897; x_wconf 67' lang='lat' dir='ltr'><strong>novum:</strong></span> <span class='ocrx_word' id='word_1_32' title='bbox 895 817 1199 903; x_wconf 77' lang='lat' dir='ltr'><strong>miserandumque.</strong></span> <span class='ocrx_word' id='word_1_33' title='bbox 1243 821 1324 904; x_wconf 77' lang='lat' dir='ltr'><strong>[lu]</strong></span> <span class='ocrx_word' id='word_1_34' title='bbox 1346 823 1394 888; x_wconf 85' lang='lat' dir='ltr'><strong>At</strong></span> 
     </span>
     <span class='ocr_line' id='line_1_6' title="bbox 298 917 1395 1004; baseline 0 -18"><span class='ocrx_word' id='word_1_35' title='bbox 298 919 388 1004; x_wconf 85' lang='lat' dir='ltr'><strong>apud</strong></span> <span class='ocrx_word' id='word_1_36' title='bbox 404 919 542 1003; x_wconf 82' lang='lat' dir='ltr'><strong>Trojam</strong></span> <span class='ocrx_word' id='word_1_37' title='bbox 556 920 615 985; x_wconf 90' lang='lat' dir='ltr'><strong>nbi</strong></span> <span class='ocrx_word' id='word_1_38' title='bbox 630 919 742 1004; x_wconf 84' lang='lat' dir='ltr'><strong>spolia</strong></span> <span class='ocrx_word' id='word_1_39' title='bbox 755 917 918 986; x_wconf 83' lang='lat' dir='ltr'><strong>Hectoris</strong></span> <span class='ocrx_word' id='word_1_40' title='bbox 934 919 1079 1002; x_wconf 76' lang='lat' dir='ltr'><strong>desuper</strong></span> <span class='ocrx_word' id='word_1_41' title='bbox 1093 939 1112 983; x_wconf 90' lang='lat' dir='ltr'><strong>e</strong></span> <span class='ocrx_word' id='word_1_42' title='bbox 1126 921 1230 984; x_wconf 82' lang='lat' dir='ltr'><strong>muris</strong></span> <span class='ocrx_word' id='word_1_43' title='bbox 1245 922 1395 988; x_wconf 83' lang='lat' dir='ltr'><strong>animad-</strong></span> 
     </span>
     <span class='ocr_line' id='line_1_7' title="bbox 297 1018 1393 1108; baseline 0.004 -22"><span class='ocrx_word' id='word_1_44' title='bbox 297 1027 523 1104; x_wconf 69' lang='lat' dir='ltr'><strong>verrutaque</strong></span> <span class='ocrx_word' id='word_1_45' title='bbox 539 1021 652 1086; x_wconf 81' lang='lat' dir='ltr'><strong>Graeci</strong></span> <span class='ocrx_word' id='word_1_46' title='bbox 667 1027 836 1105; x_wconf 85' lang='lat' dir='ltr'><strong>praecepto</strong></span> <span class='ocrx_word' id='word_1_47' title='bbox 851 1018 959 1103; x_wconf 76' lang='lat' dir='ltr'><strong>regis&#39;</strong></span> <span class='ocrx_word' id='word_1_48' title='bbox 977 1027 1054 1090; x_wconf 85' lang='lat' dir='ltr'><strong>ante</strong></span> <span class='ocrx_word' id='word_1_49' title='bbox 1068 1019 1128 1085; x_wconf 85' lang='lat' dir='ltr'><strong>ora</strong></span> <span class='ocrx_word' id='word_1_50' title='bbox 1141 1022 1286 1086; x_wconf 85' lang='lat' dir='ltr'><strong>hostium</strong></span> <span class='ocrx_word' id='word_1_51' title='bbox 1304 1041 1393 1108; x_wconf 80' lang='lat' dir='ltr'><strong>prae·</strong></span> 
     </span>
     <span class='ocr_line' id='line_1_8' title="bbox 296 1117 1390 1206; baseline 0.004 -22"><span class='ocrx_word' id='word_1_52' title='bbox 296 1119 456 1200; x_wconf 90' lang='lat' dir='ltr'><strong>tulerant,</strong></span> <span class='ocrx_word' id='word_1_53' title='bbox 480 1129 514 1187; x_wconf 91' lang='lat' dir='ltr'><strong>et</strong></span> <span class='ocrx_word' id='word_1_54' title='bbox 529 1123 586 1186; x_wconf 90' lang='lat' dir='ltr'><strong>ille</strong></span> <span class='ocrx_word' id='word_1_55' title='bbox 600 1123 660 1206; x_wconf 91' lang='lat' dir='ltr'><strong>qui</strong></span> <span class='ocrx_word' id='word_1_56' title='bbox 674 1117 803 1186; x_wconf 80' lang='lat' dir='ltr'><strong>excisis</strong></span> <span class='ocrx_word' id='word_1_57' title='bbox 816 1123 970 1188; x_wconf 85' lang='lat' dir='ltr'><strong>manibus</strong></span> <span class='ocrx_word' id='word_1_58' title='bbox 984 1117 1211 1188; x_wconf 73' lang='lat' dir='ltr'><strong>acerbissimae</strong></span> <span class='ocrx_word' id='word_1_59' title='bbox 1232 1124 1278 1188; x_wconf 87' lang='lat' dir='ltr'><strong>rei</strong></span> <span class='ocrx_word' id='word_1_60' title='bbox 1296 1124 1390 1189; x_wconf 87' lang='lat' dir='ltr'><strong>indi·</strong></span> 
     </span>
     <span class='ocr_line' id='line_1_9' title="bbox 296 1218 1394 1306; baseline 0.002 -18"><span class='ocrx_word' id='word_1_61' title='bbox 296 1218 387 1288; x_wconf 88' lang='lat' dir='ltr'><strong>cium</strong></span> <span class='ocrx_word' id='word_1_62' title='bbox 402 1227 438 1288; x_wconf 93' lang='lat' dir='ltr'><strong>in</strong></span> <span class='ocrx_word' id='word_1_63' title='bbox 460 1243 497 1288; x_wconf 86' lang='lat' dir='ltr'><strong>se</strong></span> <span class='ocrx_word' id='word_1_64' title='bbox 511 1224 586 1305; x_wconf 82' lang='lat' dir='ltr'><strong>ipse</strong></span> <span class='ocrx_word' id='word_1_65' title='bbox 608 1221 800 1305; x_wconf 82' lang='lat' dir='ltr'><strong>pertulerat,</strong></span> <span class='ocrx_word' id='word_1_66' title='bbox 821 1231 916 1300; x_wconf 90' lang='lat' dir='ltr'><strong>rem,⁷</strong></span> <span class='ocrx_word' id='word_1_67' title='bbox 937 1228 974 1288; x_wconf 92' lang='lat' dir='ltr'><strong>ut</strong></span> <span class='ocrx_word' id='word_1_68' title='bbox 998 1227 1094 1306; x_wconf 82' lang='lat' dir='ltr'><strong>gesta</strong></span> <span class='ocrx_word' id='word_1_69' title='bbox 1114 1230 1195 1300; x_wconf 89' lang='lat' dir='ltr'><strong>erat,</strong></span> <span class='ocrx_word' id='word_1_70' title='bbox 1215 1223 1394 1306; x_wconf 77' lang='lat' dir='ltr'><strong>diseemlt3</strong></span> 
     </span>
     <span class='ocr_line' id='line_1_10' title="bbox 295 1317 1393 1410; baseline 0.005 -23"><span class='ocrx_word' id='word_1_71' title='bbox 295 1317 411 1388; x_wconf 74' lang='lat' dir='ltr'><strong>&#39;tantus</strong></span> <span class='ocrx_word' id='word_1_72' title='bbox 434 1323 581 1406; x_wconf 90' lang='lat' dir='ltr'><strong>undique</strong></span> <span class='ocrx_word' id='word_1_73' title='bbox 601 1341 717 1386; x_wconf 85' lang='lat' dir='ltr'><strong>versus</strong></span> <span class='ocrx_word' id='word_1_74' title='bbox 742 1342 802 1406; x_wconf 87' lang='lat' dir='ltr'><strong>per</strong></span> <span class='ocrx_word' id='word_1_75' title='bbox 825 1327 931 1388; x_wconf 89' lang='lat' dir='ltr'><strong>totam</strong></span> <span class='ocrx_word' id='word_1_76' title='bbox 953 1322 1126 1389; x_wconf 84' lang='lat' dir='ltr'><strong>civitatem</strong></span> <span class='ocrx_word' id='word_1_77' title='bbox 1149 1326 1261 1389; x_wconf 87' lang='lat' dir='ltr'><strong>luctus</strong></span> <span class='ocrx_word' id='word_1_78' title='bbox 1287 1333 1393 1410; x_wconf 86' lang='lat' dir='ltr'><strong>atque</strong></span> 
     </span>
     <span class='ocr_line' id='line_1_11' title="bbox 296 1423 1395 1504; baseline 0.006 -16"><span class='ocrx_word' id='word_1_79' title='bbox 296 1423 423 1489; x_wconf 87' lang='lat' dir='ltr'><strong>clamor</strong></span> <span class='ocrx_word' id='word_1_80' title='bbox 435 1423 558 1502; x_wconf 87' lang='lat' dir='ltr'><strong>editus,</strong></span> <span class='ocrx_word' id='word_1_81' title='bbox 566 1428 605 1488; x_wconf 90' lang='lat' dir='ltr'><strong>ut</strong></span> <span class='ocrx_word' id='word_1_82' title='bbox 618 1442 700 1488; x_wconf 87' lang='lat' dir='ltr'><strong>aves</strong></span> <span class='ocrx_word' id='word_1_83' title='bbox 711 1426 823 1502; x_wconf 89' lang='lat' dir='ltr'><strong>etiam,</strong></span> <span class='ocrx_word' id='word_1_84' title='bbox 836 1428 1055 1490; x_wconf 69' lang='lat' dir='ltr'><strong>consternatae</strong></span> <span class='ocrx_word' id='word_1_85' title='bbox 1070 1425 1241 1504; x_wconf 71' lang='lat' dir='ltr'><strong>vocibus,⁸</strong></span> <span class='ocrx_word' id='word_1_86' title='bbox 1255 1428 1324 1492; x_wconf 92' lang='lat' dir='ltr'><strong>alto</strong></span> <span class='ocrx_word' id='word_1_87' title='bbox 1335 1428 1395 1495; x_wconf 89' lang='lat' dir='ltr'><strong>de·</strong></span> 
     </span>
     <span class='ocr_line' id='line_1_12' title="bbox 296 1524 1391 1603; baseline 0.004 -13"><span class='ocrx_word' id='word_1_88' title='bbox 296 1525 420 1590; x_wconf 81' lang='lat' dir='ltr'><strong>cidisse</strong></span> <span class='ocrx_word' id='word_1_89' title='bbox 430 1524 649 1603; x_wconf 82' lang='lat' dir='ltr'><strong>crederentur,</strong></span> <span class='ocrx_word' id='word_1_90' title='bbox 665 1527 786 1592; x_wconf 82' lang='lat' dir='ltr'><strong>nostris</strong></span> <span class='ocrx_word' id='word_1_91' title='bbox 799 1545 873 1591; x_wconf 89' lang='lat' dir='ltr'><strong>cum</strong></span> <span class='ocrx_word' id='word_1_92' title='bbox 888 1527 1101 1592; x_wconf 87' lang='lat' dir='ltr'><strong>insultatione</strong></span> <span class='ocrx_word' id='word_1_93' title='bbox 1111 1528 1391 1594; x_wconf 82' lang='lat' dir='ltr'><strong>reclamantibus:</strong></span> 
     </span>
     <span class='ocr_line' id='line_1_13' title="bbox 295 1627 1391 1711; baseline 0.001 -18"><span class='ocrx_word' id='word_1_94' title='bbox 295 1643 339 1694; x_wconf 76' lang='lat' dir='ltr'><strong>&#39;ac</strong></span> <span class='ocrx_word' id='word_1_95' title='bbox 354 1644 435 1690; x_wconf 80' lang='lat' dir='ltr'><strong>mcx</strong></span> <span class='ocrx_word' id='word_1_96' title='bbox 445 1627 588 1690; x_wconf 84' lang='lat' dir='ltr'><strong>exomni</strong></span> <span class='ocrx_word' id='word_1_97' title='bbox 603 1633 699 1710; x_wconf 87' lang='lat' dir='ltr'><strong>parte</strong></span> <span class='ocrx_word' id='word_1_98' title='bbox 712 1628 791 1691; x_wconf 85' lang='lat' dir='ltr'><strong>urbs</strong></span> <span class='ocrx_word' id='word_1_99' title='bbox 802 1627 979 1706; x_wconf 77' lang='lat' dir='ltr'><strong>clauditur,</strong></span> <span class='ocrx_word' id='word_1_100' title='bbox 988 1627 1132 1694; x_wconf 79' lang='lat' dir='ltr'><strong>loedatnr</strong></span> <span class='ocrx_word' id='word_1_101' title='bbox 1141 1629 1234 1710; x_wconf 81' lang='lat' dir='ltr'><strong>regni</strong></span> <span class='ocrx_word' id='word_1_102' title='bbox 1244 1629 1391 1711; x_wconf 86' lang='lat' dir='ltr'><strong>habitus,</strong></span> 
     </span>
     <span class='ocr_line' id='line_1_14' title="bbox 297 1727 1391 1815; baseline 0.005 -24"><span class='ocrx_word' id='word_1_103' title='bbox 297 1734 398 1815; x_wconf 86' lang='lat' dir='ltr'><strong>atque</strong></span> <span class='ocrx_word' id='word_1_104' title='bbox 421 1727 455 1790; x_wconf 93' lang='lat' dir='ltr'><strong>in</strong></span> <span class='ocrx_word' id='word_1_105' title='bbox 480 1727 614 1792; x_wconf 89' lang='lat' dir='ltr'><strong>modum</strong></span> <span class='ocrx_word' id='word_1_106' title='bbox 637 1727 821 1811; x_wconf 81' lang='lat' dir='ltr'><strong>lugubrem,</strong></span> <span class='ocrx_word' id='word_1_107' title='bbox 844 1729 1088 1812; x_wconf 82' lang='lat' dir='ltr'><strong>funestumque,</strong></span> <span class='ocrx_word' id='word_1_108' title='bbox 1111 1729 1261 1794; x_wconf 91' lang='lat' dir='ltr'><strong>obducta</strong></span> <span class='ocrx_word' id='word_1_109' title='bbox 1286 1729 1391 1796; x_wconf 80' lang='lat' dir='ltr'><strong>lactes</strong></span> 
     </span>
     <span class='ocr_line' id='line_1_15' title="bbox 294 1827 1390 1912; baseline 0.004 -20"><span class='ocrx_word' id='word_1_110' title='bbox 294 1828 462 1893; x_wconf 86' lang='lat' dir='ltr'><strong>civitatis:</strong></span> <span class='ocrx_word' id='word_1_111' title='bbox 485 1847 575 1906; x_wconf 90' lang='lat' dir='ltr'><strong>cum,</strong></span> <span class='ocrx_word' id='word_1_112' title='bbox 591 1828 681 1893; x_wconf 84' lang='lat' dir='ltr'><strong>sicut</strong></span> <span class='ocrx_word' id='word_1_113' title='bbox 694 1827 729 1893; x_wconf 84' lang='lat' dir='ltr'><strong>in</strong></span> <span class='ocrx_word' id='word_1_114' title='bbox 749 1829 811 1893; x_wconf 89' lang='lat' dir='ltr'><strong>tali</strong></span> <span class='ocrx_word' id='word_1_115' title='bbox 829 1830 945 1895; x_wconf 88' lang='lat' dir='ltr'><strong>nuntio</strong></span> <span class='ocrx_word' id='word_1_116' title='bbox 962 1831 1099 1906; x_wconf 83' lang='lat' dir='ltr'><strong>assolet,</strong></span> <span class='ocrx_word' id='word_1_117' title='bbox 1114 1835 1253 1912; x_wconf 86' lang='lat' dir='ltr'><strong>repente</strong></span> <span class='ocrx_word' id='word_1_118' title='bbox 1268 1849 1390 1896; x_wconf 84' lang='lat' dir='ltr'><strong>cursus</strong></span> 
     </span>
     <span class='ocr_line' id='line_1_16' title="bbox 294 1923 1392 2014; baseline 0.005 -22"><span class='ocrx_word' id='word_1_119' title='bbox 294 1927 555 2013; x_wconf 73' lang='lat' dir='ltr'><strong>trepidantium¹¹</strong></span> <span class='ocrx_word' id='word_1_120' title='bbox 577 1929 672 1994; x_wconf 87' lang='lat' dir='ltr'><strong>tieret</strong></span> <span class='ocrx_word' id='word_1_121' title='bbox 695 1929 731 1993; x_wconf 94' lang='lat' dir='ltr'><strong>in</strong></span> <span class='ocrx_word' id='word_1_122' title='bbox 753 1929 897 1994; x_wconf 89' lang='lat' dir='ltr'><strong>eundem</strong></span> <span class='ocrx_word' id='word_1_123' title='bbox 911 1931 1034 2008; x_wconf 83' lang='lat' dir='ltr'><strong>locum,</strong></span> <span class='ocrx_word' id='word_1_124' title='bbox 1050 1949 1091 1994; x_wconf 88' lang='lat' dir='ltr'><strong>ec</strong></span> <span class='ocrx_word' id='word_1_125' title='bbox 1107 1930 1221 2014; x_wconf 80' lang='lat' dir='ltr'><strong>statim</strong></span> <span class='ocrx_word' id='word_1_126' title='bbox 1233 1930 1307 1994; x_wconf 86' lang='lat' dir='ltr'><strong>sine</strong></span> <span class='ocrx_word' id='word_1_127' title='bbox 1319 1923 1392 1997; x_wconf 56' lang='lat' dir='ltr'><strong>‘ulla</strong></span> 
     </span>
     <span class='ocr_line' id='line_1_17' title="bbox 297 2017 1391 2113; baseline 0.005 -22"><span class='ocrx_word' id='word_1_128' title='bbox 297 2034 388 2093; x_wconf 87' lang='lat' dir='ltr'><strong>certa</strong></span> <span class='ocrx_word' id='word_1_129' title='bbox 400 2017 530 2094; x_wconf 87' lang='lat' dir='ltr'><strong>ratione</strong></span> <span class='ocrx_word' id='word_1_130' title='bbox 541 2048 599 2112; x_wconf 89' lang='lat' dir='ltr'><strong>per</strong></span> <span class='ocrx_word' id='word_1_131' title='bbox 613 2029 779 2094; x_wconf 88' lang='lat' dir='ltr'><strong>diversum</strong></span> <span class='ocrx_word' id='word_1_132' title='bbox 791 2030 883 2113; x_wconf 84' lang='lat' dir='ltr'><strong>iuga,</strong></span> <span class='ocrx_word' id='word_1_133' title='bbox 893 2050 980 2095; x_wconf 89' lang='lat' dir='ltr'><strong>nunc</strong></span> <span class='ocrx_word' id='word_1_134' title='bbox 992 2031 1149 2113; x_wconf 87' lang='lat' dir='ltr'><strong>planctus</strong></span> <span class='ocrx_word' id='word_1_135' title='bbox 1160 2031 1278 2109; x_wconf 90' lang='lat' dir='ltr'><strong>crebri,</strong></span> <span class='ocrx_word' id='word_1_136' title='bbox 1289 2033 1391 2098; x_wconf 89' lang='lat' dir='ltr'><strong>modo</strong></span> 
     </span>
     <span class='ocr_line' id='line_1_18' title="bbox 296 2127 1392 2214; baseline 0.005 -22"><span class='ocrx_word' id='word_1_137' title='bbox 296 2130 463 2194; x_wconf 88' lang='lat' dir='ltr'><strong>urbetota</strong></span> <span class='ocrx_word' id='word_1_138' title='bbox 476 2129 642 2194; x_wconf 84' lang='lat' dir='ltr'><strong>silentium</strong></span> <span class='ocrx_word' id='word_1_139' title='bbox 657 2149 703 2195; x_wconf 88' lang='lat' dir='ltr'><strong>ex</strong></span> <span class='ocrx_word' id='word_1_140' title='bbox 717 2127 865 2207; x_wconf 78' lang='lat' dir='ltr'><strong>incerto.¹</strong></span> <span class='ocrx_word' id='word_1_141' title='bbox 908 2130 998 2199; x_wconf 89' lang='lat' dir='ltr'><strong>Inter</strong></span> <span class='ocrx_word' id='word_1_142' title='bbox 1018 2149 1095 2214; x_wconf 89' lang='lat' dir='ltr'><strong>queo</strong></span> <span class='ocrx_word' id='word_1_143' title='bbox 1119 2136 1154 2196; x_wconf 90' lang='lat' dir='ltr'><strong>et</strong></span> <span class='ocrx_word' id='word_1_144' title='bbox 1174 2151 1255 2214; x_wconf 85' lang='lat' dir='ltr'><strong>spes</strong></span> <span class='ocrx_word' id='word_1_145' title='bbox 1279 2138 1392 2198; x_wconf 85' lang='lat' dir='ltr'><strong>extre·</strong></span> 
     </span>
     <span class='ocr_line' id='line_1_19' title="bbox 295 2219 1391 2310; baseline 0.004 -15"><span class='ocrx_word' id='word_1_146' title='bbox 295 2249 380 2310; x_wconf 81' lang='lat' dir='ltr'><strong>snas,</strong></span> <span class='ocrx_word' id='word_1_147' title='bbox 394 2231 491 2298; x_wconf 91' lang='lat' dir='ltr'><strong>multi</strong></span> <span class='ocrx_word' id='word_1_148' title='bbox 500 2219 656 2297; x_wconf 79' lang='lat' dir='ltr'><strong>credere⁸</strong></span> <span class='ocrx_word' id='word_1_149' title='bbox 677 2251 754 2298; x_wconf 90' lang='lat' dir='ltr'><strong>cum</strong></span> <span class='ocrx_word' id='word_1_150' title='bbox 768 2239 868 2298; x_wconf 92' lang='lat' dir='ltr'><strong>nocte</strong></span> <span class='ocrx_word' id='word_1_151' title='bbox 883 2233 984 2298; x_wconf 87' lang='lat' dir='ltr'><strong>simul</strong></span> <span class='ocrx_word' id='word_1_152' title='bbox 998 2231 1140 2300; x_wconf 80' lang='lat' dir='ltr'><strong>Graecoe</strong></span> <span class='ocrx_word' id='word_1_153' title='bbox 1154 2235 1278 2299; x_wconf 87' lang='lat' dir='ltr'><strong>moenia</strong></span> <span class='ocrx_word' id='word_1_154' title='bbox 1294 2234 1391 2299; x_wconf 84' lang='lat' dir='ltr'><strong>iuva·</strong></span> 
     </span>
    </p>
   </div>
   <div class='ocr_carea' id='block_1_3' title="bbox 728 2396 936 2437">
    <p class='ocr_par' dir='ltr' id='par_1_3' title="bbox 728 2396 936 2437">
     <span class='ocr_line' id='line_1_20' title="bbox 728 2396 936 2437; baseline 0.005 -4"><span class='ocrx_word' id='word_1_155' title='bbox 728 2396 730 2402; x_wconf 88' lang='lat'>&#39;</span> <span class='ocrx_word' id='word_1_156' title='bbox 755 2413 936 2437; x_wconf 64' lang='lat' dir='ltr'><strong>nummu</strong></span> 
     </span>
    </p>
   </div>
   <div class='ocr_carea' id='block_1_4' title="bbox 213 2521 1388 2727">
    <p class='ocr_par' dir='ltr' id='par_1_4' title="bbox 213 2521 1388 2727">
     <span class='ocr_line' id='line_1_21' title="bbox 213 2521 1383 2606; baseline 0.005 -34"><span class='ocrx_word' id='word_1_157' title='bbox 213 2547 214 2556; x_wconf 54' lang='lat'><strong>,</strong></span> <span class='ocrx_word' id='word_1_158' title='bbox 295 2521 418 2588; x_wconf 75' lang='lat' dir='ltr'><strong>vinding·</strong></span> <span class='ocrx_word' id='word_1_159' title='bbox 432 2523 569 2600; x_wconf 69' lang='lat' dir='ltr'><strong>legendum</strong></span> <span class='ocrx_word' id='word_1_160' title='bbox 580 2525 766 2604; x_wconf 61' lang='lat' dir='ltr'><strong>vultupud576</strong></span> <span class='ocrx_word' id='word_1_161' title='bbox 782 2529 879 2592; x_wconf 84' lang='lat' dir='ltr'><strong>Delph.</strong></span> <span class='ocrx_word' id='word_1_162' title='bbox 889 2543 941 2606; x_wconf 62' lang='lat' dir='ltr'><strong>qap</strong></span> <span class='ocrx_word' id='word_1_163' title='bbox 950 2543 982 2578; x_wconf 82' lang='lat' dir='ltr'><strong>ra.</strong></span> <span class='ocrx_word' id='word_1_164' title='bbox 993 2543 1050 2590; x_wconf 79' lang='lat' dir='ltr'><strong>ap.</strong></span> <span class='ocrx_word' id='word_1_165' title='bbox 1064 2524 1196 2603; x_wconf 30' lang='lat' dir='ltr'><strong>‘Danielis</strong></span> <span class='ocrx_word' id='word_1_166' title='bbox 1208 2524 1273 2602; x_wconf 80' lang='lat' dir='ltr'><strong>cod.</strong></span> <span class='ocrx_word' id='word_1_167' title='bbox 1290 2542 1336 2602; x_wconf 68' lang='lat' dir='ltr'><strong>quo</strong></span> <span class='ocrx_word' id='word_1_168' title='bbox 1351 2544 1383 2578; x_wconf 67' lang='grc' dir='ltr'><strong>η.</strong></span> 
     </span>
     <span class='ocr_line' id='line_1_22' title="bbox 294 2589 1388 2655; baseline 0.005 -19"><span class='ocrx_word' id='word_1_169' title='bbox 294 2590 319 2636; x_wconf 85' lang='lat' dir='ltr'><strong>ot</strong></span> <span class='ocrx_word' id='word_1_170' title='bbox 329 2593 429 2650; x_wconf 80' lang='lat' dir='ltr'><strong>poterut.</strong></span> <span class='ocrx_word' id='word_1_171' title='bbox 445 2589 531 2648; x_wconf 71' lang='lat' dir='ltr'><strong>Vulgo</strong></span> <span class='ocrx_word' id='word_1_172' title='bbox 542 2590 618 2638; x_wconf 78' lang='lat' dir='ltr'><strong>orders</strong></span> <span class='ocrx_word' id='word_1_173' title='bbox 630 2603 677 2652; x_wconf 85' lang='lat' dir='ltr'><strong>pro</strong></span> <span class='ocrx_word' id='word_1_174' title='bbox 688 2606 742 2641; x_wconf 82' lang='lat' dir='ltr'><strong>orsa</strong></span> <span class='ocrx_word' id='word_1_175' title='bbox 758 2591 854 2655; x_wconf 84' lang='lat' dir='ltr'><strong>Delph.</strong></span> <span class='ocrx_word' id='word_1_176' title='bbox 864 2594 1001 2642; x_wconf 76' lang='lat' dir='ltr'><strong>lectionem</strong></span> <span class='ocrx_word' id='word_1_177' title='bbox 1012 2589 1203 2654; x_wconf 73' lang='lat' dir='ltr'><strong>eahrbet,fltzus</strong></span> <span class='ocrx_word' id='word_1_178' title='bbox 1215 2590 1312 2640; x_wconf 70' lang='lat' dir='ltr'><strong>Perea</strong></span> <span class='ocrx_word' id='word_1_179' title='bbox 1320 2606 1388 2654; x_wconf 78' lang='lat' dir='ltr'><strong>proe·</strong></span> 
     </span>
     <span class='ocr_line' id='line_1_23' title="bbox 292 2652 1387 2727; baseline 0.003 -26"><span class='ocrx_word' id='word_1_180' title='bbox 292 2655 380 2702; x_wconf 71' lang='lat' dir='ltr'><strong>nurus</strong></span> <span class='ocrx_word' id='word_1_181' title='bbox 389 2652 419 2702; x_wconf 80' lang='lat' dir='ltr'><strong>ed</strong></span> <span class='ocrx_word' id='word_1_182' title='bbox 430 2652 523 2703; x_wconf 71' lang='lat' dir='ltr'><strong>Achille</strong></span> <span class='ocrx_word' id='word_1_183' title='bbox 537 2663 596 2711; x_wconf 69' lang='lat' dir='ltr'><strong>nar,</strong></span> <span class='ocrx_word' id='word_1_184' title='bbox 612 2653 713 2704; x_wconf 87' lang='lat' dir='ltr'><strong>omissis</strong></span> <span class='ocrx_word' id='word_1_185' title='bbox 730 2656 847 2706; x_wconf 71' lang='lat' dir='ltr'><strong>cambus</strong></span> <span class='ocrx_word' id='word_1_186' title='bbox 864 2656 979 2718; x_wconf 83' lang='lat' dir='ltr'><strong>roclbus,</strong></span> <span class='ocrx_word' id='word_1_187' title='bbox 989 2656 1029 2705; x_wconf 80' lang='lat' dir='ltr'><strong>tile</strong></span> <span class='ocrx_word' id='word_1_188' title='bbox 1039 2671 1063 2719; x_wconf 83' lang='lat' dir='ltr'><strong>q.</strong></span> <span class='ocrx_word' id='word_1_189' title='bbox 1072 2669 1095 2706; x_wconf 84' lang='lat' dir='ltr'><strong>e.</strong></span> <span class='ocrx_word' id='word_1_190' title='bbox 1103 2667 1135 2703; x_wconf 81' lang='lat' dir='ltr'><strong>m·</strong></span> <span class='ocrx_word' id='word_1_191' title='bbox 1145 2669 1169 2704; x_wconf 87' lang='lat' dir='ltr'><strong>s.</strong></span> <span class='ocrx_word' id='word_1_192' title='bbox 1180 2669 1203 2702; x_wconf 87' lang='lat' dir='ltr'><strong>r.</strong></span> <span class='ocrx_word' id='word_1_193' title='bbox 1211 2653 1230 2704; x_wconf 76' lang='grc' dir='ltr'><strong>ἰ.</strong></span> <span class='ocrx_word' id='word_1_194' title='bbox 1239 2653 1259 2704; x_wconf 78' lang='grc' dir='ltr'><strong>ι’.</strong></span> <span class='ocrx_word' id='word_1_195' title='bbox 1270 2667 1291 2704; x_wconf 85' lang='lat' dir='ltr'><strong>s.</strong></span> <span class='ocrx_word' id='word_1_196' title='bbox 1301 2655 1319 2704; x_wconf 87' lang='lat' dir='ltr'><strong>t.</strong></span> <span class='ocrx_word' id='word_1_197' title='bbox 1327 2671 1387 2727; x_wconf 73' lang='lat' dir='ltr'><strong>p.-</strong></span> 
     </span>
    </p>
   </div>
   <div class='ocr_carea' id='block_1_5' title="bbox 789 2812 897 2866">
    <p class='ocr_par' dir='ltr' id='par_1_5' title="bbox 789 2812 897 2866">
     <span class='ocr_line' id='line_1_24' title="bbox 789 2812 897 2866; baseline 0.037 -4"><span class='ocrx_word' id='word_1_198' title='bbox 789 2812 897 2866; x_wconf 79' lang='lat' dir='ltr'>NOTAE</span> 
     </span>
    </p>
   </div>
   <div class='ocr_carea' id='block_1_6' title="bbox 188 2905 1388 3880">
    <p class='ocr_par' dir='ltr' id='par_1_6' title="bbox 295 2905 1388 2976">
     <span class='ocr_line' id='line_1_25' title="bbox 295 2905 1388 2976; baseline 0.006 -21"><span class='ocrx_word' id='word_1_199' title='bbox 295 2907 399 2970; x_wconf 73' lang='lat' dir='ltr'><strong>ligavit,</strong></span> <span class='ocrx_word' id='word_1_200' title='bbox 414 2909 545 2969; x_wconf 84' lang='lat' dir='ltr'><strong>caputque</strong></span> <span class='ocrx_word' id='word_1_201' title='bbox 554 2905 621 2956; x_wconf 86' lang='lat' dir='ltr'><strong>trslri</strong></span> <span class='ocrx_word' id='word_1_202' title='bbox 632 2905 712 2958; x_wconf 65' lang='lat' dir='ltr'><strong>sirit!</strong></span> <span class='ocrx_word' id='word_1_203' title='bbox 895 2908 907 2942; x_wconf 69' lang='lat' dir='ltr'>f</span> <span class='ocrx_word' id='word_1_204' title='bbox 916 2910 975 2966; x_wconf 79' lang='lat' dir='ltr'><strong>Qsoe</strong></span> <span class='ocrx_word' id='word_1_205' title='bbox 986 2909 1067 2958; x_wconf 77' lang='lat' dir='ltr'><strong>Greci</strong></span> <span class='ocrx_word' id='word_1_206' title='bbox 1074 2913 1191 2972; x_wconf 71' lang='lat' dir='ltr'><strong>precepto</strong></span> <span class='ocrx_word' id='word_1_207' title='bbox 1200 2908 1276 2973; x_wconf 71' lang='lat' dir='ltr'><strong>rega]</strong></span> <span class='ocrx_word' id='word_1_208' title='bbox 1286 2909 1340 2961; x_wconf 73' lang='lat' dir='ltr'><strong>ded</strong></span> <span class='ocrx_word' id='word_1_209' title='bbox 1348 2926 1388 2976; x_wconf 85' lang='lat' dir='ltr'><strong>es,</strong></span> 
     </span>
    </p>

    <p class='ocr_par' dir='ltr' id='par_1_7' title="bbox 188 2981 1388 3127">
     <span class='ocr_line' id='line_1_26' title="bbox 188 2981 1388 3046; baseline 0.005 -15"><span class='ocrx_word' id='word_1_210' title='bbox 188 3013 191 3020; x_wconf 87' lang='lat'><em>-</em></span> <span class='ocrx_word' id='word_1_211' title='bbox 327 2981 695 3046; x_wconf 64' lang='lat' dir='ltr'><strong>dommemeeorposmt]</strong></span> <span class='ocrx_word' id='word_1_212' title='bbox 719 2981 822 3034; x_wconf 83' lang='lat' dir='ltr'><strong>Recte:</strong></span> <span class='ocrx_word' id='word_1_213' title='bbox 863 2998 897 3035; x_wconf 84' lang='lat' dir='ltr'><strong>ex</strong></span> <span class='ocrx_word' id='word_1_214' title='bbox 914 2982 1277 3046; x_wconf 57' lang='lat' dir='ltr'><strong>numerumnunerum</strong></span> <span class='ocrx_word' id='word_1_215' title='bbox 1292 2984 1388 3037; x_wconf 83' lang='lat' dir='ltr'><strong>iscur-</strong></span> 
     </span>
     <span class='ocr_line' id='line_1_27' title="bbox 294 3056 1384 3127; baseline 0.002 -18"><span class='ocrx_word' id='word_1_216' title='bbox 294 3060 332 3109; x_wconf 86' lang='lat' dir='ltr'><strong>its</strong></span> <span class='ocrx_word' id='word_1_217' title='bbox 342 3058 370 3107; x_wconf 91' lang='lat' dir='ltr'><strong>in</strong></span> <span class='ocrx_word' id='word_1_218' title='bbox 381 3056 532 3107; x_wconf 80' lang='lat' dir='ltr'><strong>Petavianc.</strong></span> <span class='ocrx_word' id='word_1_219' title='bbox 556 3057 588 3107; x_wconf 89' lang='lat' dir='ltr'><strong>In</strong></span> <span class='ocrx_word' id='word_1_220' title='bbox 600 3058 684 3108; x_wconf 85' lang='lat' dir='ltr'><strong>altero</strong></span> <span class='ocrx_word' id='word_1_221' title='bbox 696 3057 822 3124; x_wconf 79' lang='lat' dir='ltr'><strong>Danielis,</strong></span> <span class='ocrx_word' id='word_1_222' title='bbox 861 3075 918 3110; x_wconf 85' lang='lat' dir='ltr'><strong>runr</strong></span> <span class='ocrx_word' id='word_1_223' title='bbox 937 3061 1087 3121; x_wconf 81' lang='lat' dir='ltr'><strong>sustulerat,</strong></span> <span class='ocrx_word' id='word_1_224' title='bbox 1099 3059 1138 3110; x_wconf 64' lang='grc' dir='ltr'><strong>Ἔα</strong></span> <span class='ocrx_word' id='word_1_225' title='bbox 1152 3058 1269 3123; x_wconf 59' lang='lat' dir='ltr'><strong>“wll</strong></span> <span class='ocrx_word' id='word_1_226' title='bbox 1286 3063 1384 3127; x_wconf 64' lang='lat' dir='ltr'><strong>dunas,</strong></span> 
     </span>
    </p>

    <p class='ocr_par' dir='ltr' id='par_1_8' title="bbox 294 3130 1387 3200">
     <span class='ocr_line' id='line_1_28' title="bbox 294 3130 1387 3200; baseline 0.004 -14"><span class='ocrx_word' id='word_1_227' title='bbox 294 3135 362 3186; x_wconf 77' lang='lat' dir='ltr'><strong>‘Vi&#39;</strong></span> <span class='ocrx_word' id='word_1_228' title='bbox 394 3135 481 3198; x_wconf 70' lang='lat' dir='ltr'><strong>Vulgo</strong></span> <span class='ocrx_word' id='word_1_229' title='bbox 499 3130 625 3184; x_wconf 55' lang='lat' dir='ltr'><strong>‘videri&#39;</strong></span> <span class='ocrx_word' id='word_1_230' title='bbox 656 3134 822 3186; x_wconf 77' lang='lat' dir='ltr'><strong>Vltcreantl·</strong></span> <span class='ocrx_word' id='word_1_231' title='bbox 862 3133 1387 3200; x_wconf 53' lang='lat' dir='ltr'><strong>bdrruamdsetxe’drlmstlncurrum</strong></span> 
     </span>
    </p>

    <p class='ocr_par' dir='ltr' id='par_1_9' title="bbox 294 3209 1387 3278">
     <span class='ocr_line' id='line_1_29' title="bbox 294 3209 1387 3278; baseline 0.002 -16"><span class='ocrx_word' id='word_1_232' title='bbox 294 3209 597 3277; x_wconf 70' lang='lat' dir='ltr'><strong>quisioemae‘vtdere!</strong></span> <span class='ocrx_word' id='word_1_233' title='bbox 614 3212 821 3264; x_wconf 78' lang='lat' dir='ltr'><strong>Lucret‘visit·</strong></span> <span class='ocrx_word' id='word_1_234' title='bbox 862 3218 949 3262; x_wconf 85' lang='lat' dir='ltr'><strong>autem</strong></span> <span class='ocrx_word' id='word_1_235' title='bbox 968 3210 1119 3268; x_wconf 86' lang='lat' dir='ltr'><strong>ascendens,</strong></span> <span class='ocrx_word' id='word_1_236' title='bbox 1141 3225 1269 3278; x_wconf 75' lang='lat' dir='ltr'><strong>supraque</strong></span> <span class='ocrx_word' id='word_1_237' title='bbox 1287 3213 1387 3278; x_wconf 81' lang='lat' dir='ltr'><strong>inclyta</strong></span> 
     </span>
    </p>

    <p class='ocr_par' dir='ltr' id='par_1_10' title="bbox 293 3285 1067 3354">
     <span class='ocr_line' id='line_1_30' title="bbox 293 3285 1067 3354; baseline -0.003 -16"><span class='ocrx_word' id='word_1_238' title='bbox 293 3303 345 3354; x_wconf 87' lang='lat' dir='ltr'><strong>qus</strong></span> <span class='ocrx_word' id='word_1_239' title='bbox 356 3293 474 3338; x_wconf 82' lang='lat' dir='ltr'><strong>exortum</strong></span> <span class='ocrx_word' id='word_1_240' title='bbox 485 3287 582 3337; x_wconf 87' lang='lat' dir='ltr'><strong>lumina</strong></span> <span class='ocrx_word' id='word_1_241' title='bbox 596 3287 676 3338; x_wconf 89' lang='lat' dir='ltr'><strong>solls.’</strong></span> <span class='ocrx_word' id='word_1_242' title='bbox 709 3289 745 3338; x_wconf 81' lang='lat' dir='ltr'><strong>Et</strong></span> <span class='ocrx_word' id='word_1_243' title='bbox 755 3287 823 3338; x_wconf 79' lang='lat' dir='ltr'><strong>infra</strong></span> <span class='ocrx_word' id='word_1_244' title='bbox 862 3301 934 3338; x_wconf 86' lang='lat' dir='ltr'><strong>arma</strong></span> <span class='ocrx_word' id='word_1_245' title='bbox 944 3285 1067 3338; x_wconf 75' lang='lat' dir='ltr'><strong>elevans.¹</strong></span> 
     </span>
    </p>

    <p class='ocr_par' dir='ltr' id='par_1_11' title="bbox 293 3359 1386 3429">
     <span class='ocr_line' id='line_1_31' title="bbox 293 3359 1386 3429; baseline -0.001 -14"><span class='ocrx_word' id='word_1_246' title='bbox 293 3379 333 3415; x_wconf 77' lang='grc' dir='ltr'><strong>ιν.</strong></span> <span class='ocrx_word' id='word_1_247' title='bbox 348 3364 464 3415; x_wconf 80' lang='lat' dir='ltr'><strong>‘Omnia</strong></span> <span class='ocrx_word' id='word_1_248' title='bbox 478 3363 576 3414; x_wconf 87' lang='lat' dir='ltr'><strong>circum</strong></span> <span class='ocrx_word' id='word_1_249' title='bbox 593 3365 696 3429; x_wconf 75' lang='lat' dir='ltr'><strong>&#39;frojam</strong></span> <span class='ocrx_word' id='word_1_250' title='bbox 709 3373 739 3417; x_wconf 82' lang='lat' dir='ltr'><strong>et</strong></span> <span class='ocrx_word' id='word_1_251' title='bbox 752 3367 823 3417; x_wconf 86' lang='lat' dir='ltr'><strong>ultra</strong></span> <span class='ocrx_word' id='word_1_252' title='bbox 900 3371 913 3408; x_wconf 77' lang='lat'><em>⁸</em></span> <span class='ocrx_word' id='word_1_253' title='bbox 932 3359 1112 3418; x_wconf 80' lang='lat' dir='ltr'><strong>Utoeesetiuss</strong></span> <span class='ocrx_word' id='word_1_254' title='bbox 1121 3364 1386 3427; x_wconf 52' lang='grc' dir='ltr'><strong>καθηκουσῶν,</strong></span> 
     </span>
    </p>

    <p class='ocr_par' dir='ltr' id='par_1_12' title="bbox 293 3437 1386 3508">
     <span class='ocr_line' id='line_1_32' title="bbox 293 3437 1386 3508; baseline -0.002 -16"><span class='ocrx_word' id='word_1_255' title='bbox 293 3457 351 3508; x_wconf 79' lang='lat' dir='ltr'><strong>qua</strong></span> <span class='ocrx_word' id='word_1_256' title='bbox 362 3441 410 3490; x_wconf 88' lang='lat' dir='ltr'><strong>visi</strong></span> <span class='ocrx_word' id='word_1_257' title='bbox 422 3439 560 3504; x_wconf 60' lang='lat' dir='ltr'><strong>poterant?</strong></span> <span class='ocrx_word' id='word_1_258' title='bbox 859 3437 915 3502; x_wconf 65' lang='lat' dir='ltr'><strong>qa]</strong></span> <span class='ocrx_word' id='word_1_259' title='bbox 931 3439 1001 3488; x_wconf 88' lang='lat' dir='ltr'><strong>Poto</strong></span> <span class='ocrx_word' id='word_1_260' title='bbox 1009 3438 1215 3503; x_wconf 69' lang='lat' dir='ltr'><strong>rescribendum,</strong></span> <span class='ocrx_word' id='word_1_261' title='bbox 1232 3440 1241 3470; x_wconf 85' lang='lat'>‘</span> <span class='ocrx_word' id='word_1_262' title='bbox 1253 3441 1306 3490; x_wconf 87' lang='lat' dir='ltr'><strong>alto</strong></span> <span class='ocrx_word' id='word_1_263' title='bbox 1316 3439 1386 3490; x_wconf 81' lang='lat' dir='ltr'><strong>deci·</strong></span> 
     </span>
    </p>

    <p class='ocr_par' dir='ltr' id='par_1_13' title="bbox 324 3514 1108 3580">
     <span class='ocr_line' id='line_1_33' title="bbox 324 3514 1108 3580; baseline -0.003 -14"><span class='ocrx_word' id='word_1_264' title='bbox 324 3525 336 3552; x_wconf 53' lang='grc' dir='ltr'>ε</span> <span class='ocrx_word' id='word_1_265' title='bbox 354 3519 436 3566; x_wconf 80' lang='lat' dir='ltr'><strong>Genus</strong></span> <span class='ocrx_word' id='word_1_266' title='bbox 450 3531 526 3578; x_wconf 73' lang='lat' dir='ltr'><strong>perae</strong></span> <span class='ocrx_word' id='word_1_267' title='bbox 541 3517 639 3580; x_wconf 72' lang='lat' dir='ltr'><strong>mcum]</strong></span> <span class='ocrx_word' id='word_1_268' title='bbox 663 3515 749 3568; x_wconf 90' lang='lat' dir='ltr'><strong>Notat</strong></span> <span class='ocrx_word' id='word_1_269' title='bbox 765 3518 821 3570; x_wconf 87' lang='lat' dir='ltr'><strong>Hc·</strong></span> <span class='ocrx_word' id='word_1_270' title='bbox 861 3516 929 3566; x_wconf 85' lang='lat' dir='ltr'><strong>disse</strong></span> <span class='ocrx_word' id='word_1_271' title='bbox 940 3514 1108 3564; x_wconf 62' lang='lat' dir='ltr'><strong>viderentur?</strong></span> 
     </span>
    </p>

    <p class='ocr_par' dir='ltr' id='par_1_14' title="bbox 292 3589 1384 3658">
     <span class='ocr_line' id='line_1_34' title="bbox 292 3589 1384 3658; baseline 0 -15"><span class='ocrx_word' id='word_1_272' title='bbox 292 3593 357 3644; x_wconf 84' lang='lat' dir='ltr'><strong>meri</strong></span> <span class='ocrx_word' id='word_1_273' title='bbox 376 3591 512 3652; x_wconf 81' lang='lat' dir='ltr'><strong>interpres</strong></span> <span class='ocrx_word' id='word_1_274' title='bbox 531 3603 564 3638; x_wconf 81' lang='lat' dir='ltr'><strong>ex</strong></span> <span class='ocrx_word' id='word_1_275' title='bbox 582 3591 751 3658; x_wconf 80' lang='lat' dir='ltr'><strong>Callimacho,</strong></span> <span class='ocrx_word' id='word_1_276' title='bbox 767 3609 821 3644; x_wconf 89' lang='lat' dir='ltr'><strong>ruo·</strong></span> <span class='ocrx_word' id='word_1_277' title='bbox 902 3589 1121 3654; x_wconf 61' lang='lat' dir='ltr'><strong>inauratus]</strong></span> <span class='ocrx_word' id='word_1_278' title='bbox 1143 3589 1175 3640; x_wconf 88' lang='lat' dir='ltr'><strong>Id</strong></span> <span class='ocrx_word' id='word_1_279' title='bbox 1194 3597 1244 3648; x_wconf 87' lang='lat' dir='ltr'><strong>est,</strong></span> <span class='ocrx_word' id='word_1_280' title='bbox 1261 3589 1384 3642; x_wconf 74' lang='lat' dir='ltr'><strong>festinan·</strong></span> 
     </span>
    </p>

    <p class='ocr_par' dir='ltr' id='par_1_15' title="bbox 292 3662 1384 3731">
     <span class='ocr_line' id='line_1_35' title="bbox 292 3662 1384 3731; baseline 0.002 -16"><span class='ocrx_word' id='word_1_281' title='bbox 292 3662 470 3731; x_wconf 83' lang='lat' dir='ltr'><strong>rempatrinm</strong></span> <span class='ocrx_word' id='word_1_282' title='bbox 480 3663 610 3712; x_wconf 76' lang='lat' dir='ltr'><strong>Thessalis</strong></span> <span class='ocrx_word' id='word_1_283' title='bbox 623 3663 714 3726; x_wconf 80' lang='lat' dir='ltr'><strong>foisse,</strong></span> <span class='ocrx_word' id='word_1_284' title='bbox 727 3667 821 3719; x_wconf 88' lang='lat' dir='ltr'><strong>amico·</strong></span> <span class='ocrx_word' id='word_1_285' title='bbox 859 3668 934 3718; x_wconf 84' lang='lat' dir='ltr'><strong>tium.</strong></span> <span class='ocrx_word' id='word_1_286' title='bbox 982 3667 1023 3716; x_wconf 77' lang='lat' dir='ltr'><strong>Ex</strong></span> <span class='ocrx_word' id='word_1_287' title='bbox 1054 3665 1137 3726; x_wconf 76' lang='lat' dir='ltr'><strong>Livio,</strong></span> <span class='ocrx_word' id='word_1_288' title='bbox 1164 3666 1252 3729; x_wconf 82' lang='lat' dir='ltr'><strong>Floro,</strong></span> <span class='ocrx_word' id='word_1_289' title='bbox 1277 3667 1384 3731; x_wconf 70' lang='lat' dir='ltr'><strong>Virgilio</strong></span> 
     </span>
    </p>

    <p class='ocr_par' dir='ltr' id='par_1_16' title="bbox 292 3734 945 3802">
     <span class='ocr_line' id='line_1_36' title="bbox 292 3734 945 3802; baseline 0.005 -12"><span class='ocrx_word' id='word_1_290' title='bbox 292 3734 821 3802; x_wconf 73' lang='lat' dir='ltr'><strong>ruminterfectorescircainterlectorum</strong></span> <span class='ocrx_word' id='word_1_291' title='bbox 859 3743 945 3792; x_wconf 79' lang='lat' dir='ltr'><strong>stiam.</strong></span> 
     </span>
    </p>

    <p class='ocr_par' dir='ltr' id='par_1_17' title="bbox 290 3812 1381 3880">
     <span class='ocr_line' id='line_1_37' title="bbox 290 3812 1381 3880; baseline 0 -14"><span class='ocrx_word' id='word_1_292' title='bbox 290 3815 440 3880; x_wconf 74' lang='lat' dir='ltr'><strong>sepulcrum</strong></span> <span class='ocrx_word' id='word_1_293' title='bbox 455 3812 567 3863; x_wconf 84' lang='lat' dir='ltr'><strong>trahere.</strong></span> <span class='ocrx_word' id='word_1_294' title='bbox 592 3812 731 3879; x_wconf 87' lang='lat' dir='ltr'><strong>Hujusque</strong></span> <span class='ocrx_word' id='word_1_295' title='bbox 742 3819 819 3868; x_wconf 84' lang='lat' dir='ltr'><strong>moris</strong></span> <span class='ocrx_word' id='word_1_296' title='bbox 890 3817 898 3852; x_wconf 79' lang='lat'><strong>¹</strong></span> <span class='ocrx_word' id='word_1_297' title='bbox 914 3813 1189 3877; x_wconf 70' lang='lat' dir='ltr'><strong>diketltmcxisrcerto]</strong></span> <span class='ocrx_word' id='word_1_298' title='bbox 1206 3815 1381 3880; x_wconf 65' lang='lat' dir='ltr'><strong>laesaeque</strong></span> 
     </span>
    </p>
   </div>
   <div class='ocr_carea' id='block_1_7' title="bbox 176 3886 1382 3954">
    <p class='ocr_par' dir='ltr' id='par_1_18' title="bbox 176 3886 1382 3954">
     <span class='ocr_line' id='line_1_38' title="bbox 176 3886 1382 3954; baseline -0.003 -12"><span class='ocrx_word' id='word_1_299' title='bbox 176 3899 178 3908; x_wconf 80' lang='grc'>’</span> <span class='ocrx_word' id='word_1_300' title='bbox 293 3899 424 3942; x_wconf 86' lang='lat' dir='ltr'><strong>auctorem</strong></span> <span class='ocrx_word' id='word_1_301' title='bbox 446 3888 556 3952; x_wconf 81' lang='lat' dir='ltr'><strong>primunr</strong></span> <span class='ocrx_word' id='word_1_302' title='bbox 580 3886 661 3939; x_wconf 79' lang='lat' dir='ltr'><strong>fuisse</strong></span> <span class='ocrx_word' id='word_1_303' title='bbox 687 3891 818 3944; x_wconf 79' lang='lat' dir='ltr'><strong>Simonem</strong></span> <span class='ocrx_word' id='word_1_304' title='bbox 858 3905 935 3944; x_wconf 87' lang='lat' dir='ltr'><strong>caasa</strong></span> <span class='ocrx_word' id='word_1_305' title='bbox 951 3891 1124 3954; x_wconf 73' lang='lat' dir='ltr'><strong>ignorabatur·</strong></span> <span class='ocrx_word' id='word_1_306' title='bbox 1156 3889 1195 3940; x_wconf 88' lang='lat' dir='ltr'><strong>Ut</strong></span> <span class='ocrx_word' id='word_1_307' title='bbox 1208 3889 1240 3940; x_wconf 87' lang='lat' dir='ltr'><strong>tit</strong></span> <span class='ocrx_word' id='word_1_308' title='bbox 1256 3891 1284 3941; x_wconf 86' lang='lat' dir='ltr'><strong>in</strong></span> <span class='ocrx_word' id='word_1_309' title='bbox 1303 3892 1382 3942; x_wconf 84' lang='lat' dir='ltr'><strong>luctu.</strong></span> 
     </span>
    </p>
   </div>
   <div class='ocr_carea' id='block_1_8' title="bbox 291 3960 1449 4260">
    <p class='ocr_par' dir='ltr' id='par_1_19' title="bbox 291 3960 1449 4260">
     <span class='ocr_line' id='line_1_39' title="bbox 292 3960 1449 4034; baseline -0.003 -15"><span class='ocrx_word' id='word_1_310' title='bbox 292 3968 419 4034; x_wconf 87' lang='lat' dir='ltr'><strong>quendam</strong></span> <span class='ocrx_word' id='word_1_311' title='bbox 425 3966 821 4032; x_wconf 68' lang='lat' dir='ltr'><strong>Thessaliamquilturydaman-</strong></span> <span class='ocrx_word' id='word_1_312' title='bbox 856 3961 938 4020; x_wconf 80' lang='lat' dir='ltr'><strong>Certe</strong></span> <span class='ocrx_word' id='word_1_313' title='bbox 948 3967 1015 4018; x_wconf 79' lang='lat' dir='ltr'><strong>hanc</strong></span> <span class='ocrx_word' id='word_1_314' title='bbox 1026 3965 1118 4029; x_wconf 83' lang='lat' dir='ltr'><strong>Dictys</strong></span> <span class='ocrx_word' id='word_1_315' title='bbox 1130 3960 1329 4029; x_wconf 71' lang='lat' dir='ltr'><strong>descriptionem</strong></span> <span class='ocrx_word' id='word_1_316' title='bbox 1344 3968 1381 4016; x_wconf 89' lang='lat' dir='ltr'><strong>ln·</strong></span> <span class='ocrx_word' id='word_1_317' title='bbox 1445 4025 1449 4030; x_wconf 29' lang='grc' dir='ltr'>Ι</span> 
     </span>
     <span class='ocr_line' id='line_1_40' title="bbox 291 4039 1381 4108; baseline -0.003 -14"><span class='ocrx_word' id='word_1_318' title='bbox 291 4053 344 4094; x_wconf 87' lang='lat' dir='ltr'><strong>tem</strong></span> <span class='ocrx_word' id='word_1_319' title='bbox 355 4041 442 4108; x_wconf 76' lang='lat' dir='ltr'><strong>Mydii</strong></span> <span class='ocrx_word' id='word_1_320' title='bbox 452 4040 625 4091; x_wconf 85' lang='lat' dir='ltr'><strong>fliiumcurrui</strong></span> <span class='ocrx_word' id='word_1_321' title='bbox 636 4042 759 4108; x_wconf 75' lang='lat' dir='ltr'><strong>alligavit,</strong></span> <span class='ocrx_word' id='word_1_322' title='bbox 767 4047 817 4096; x_wconf 71' lang='lat' dir='ltr'><strong>eir.</strong></span> <span class='ocrx_word' id='word_1_323' title='bbox 853 4044 951 4094; x_wconf 74' lang='lat' dir='ltr'><strong>neuter</strong></span> <span class='ocrx_word' id='word_1_324' title='bbox 959 4043 1034 4107; x_wconf 68' lang='lat' dir='ltr'><strong>lego:</strong></span> <span class='ocrx_word' id='word_1_325' title='bbox 1052 4047 1092 4092; x_wconf 87' lang='lat' dir='ltr'><strong>est</strong></span> <span class='ocrx_word' id='word_1_326' title='bbox 1103 4041 1171 4091; x_wconf 84' lang='lat' dir='ltr'><strong>euim</strong></span> <span class='ocrx_word' id='word_1_327' title='bbox 1183 4042 1291 4106; x_wconf 67' lang='lat' dir='ltr'><strong>elegans,</strong></span> <span class='ocrx_word' id='word_1_328' title='bbox 1300 4049 1329 4100; x_wconf 76' lang='lat' dir='ltr'><strong>et</strong></span> <span class='ocrx_word' id='word_1_329' title='bbox 1344 4039 1381 4098; x_wconf 74' lang='lat' dir='ltr'><strong>sl*-</strong></span> 
     </span>
     <span class='ocr_line' id='line_1_41' title="bbox 291 4115 1065 4186; baseline 0.003 -18"><span class='ocrx_word' id='word_1_330' title='bbox 291 4134 402 4184; x_wconf 86' lang='lat' dir='ltr'><strong>cumque</strong></span> <span class='ocrx_word' id='word_1_331' title='bbox 412 4118 498 4168; x_wconf 80' lang='lat' dir='ltr'><strong>fratris</strong></span> <span class='ocrx_word' id='word_1_332' title='bbox 509 4115 549 4167; x_wconf 89' lang='lat' dir='ltr'><strong>sni</strong></span> <span class='ocrx_word' id='word_1_333' title='bbox 559 4117 697 4184; x_wconf 80' lang='lat' dir='ltr'><strong>Thrasoni,</strong></span> <span class='ocrx_word' id='word_1_334' title='bbox 708 4135 784 4186; x_wconf 87' lang='lat' dir='ltr'><strong>quem</strong></span> <span class='ocrx_word' id='word_1_335' title='bbox 794 4122 816 4174; x_wconf 87' lang='lat' dir='ltr'><strong>is</strong></span> <span class='ocrx_word' id='word_1_336' title='bbox 855 4117 970 4173; x_wconf 82' lang='lat' dir='ltr'><strong>lectuum</strong></span> <span class='ocrx_word' id='word_1_337' title='bbox 981 4118 1065 4184; x_wconf 74' lang='lat' dir='ltr'><strong>plera</strong></span> 
     </span>
     <span class='ocr_line' id='line_1_42' title="bbox 291 4187 1155 4260; baseline 0.009 -17"><span class='ocrx_word' id='word_1_338' title='bbox 291 4187 692 4260; x_wconf 56' lang='lat' dir='ltr'><strong>mutemsspulemnusxit.</strong></span> <span class='ocrx_word' id='word_1_339' title='bbox 1152 4201 1155 4208; x_wconf 89' lang='lat'>&#39;</span> 
     </span>
    </p>
   </div>
   <div class='ocr_carea' id='block_1_9' title="bbox 0 0 1580 4950">
    <p class='ocr_par' dir='ltr' id='par_1_20' title="bbox 0 0 1580 4950">
     <span class='ocr_line' id='line_1_43' title="bbox 0 0 1580 4950; baseline 0 0"><span class='ocrx_word' id='word_1_340' title='bbox 0 0 1580 4950; x_wconf 95' lang='lat' dir='ltr'><strong> </strong></span> 
     </span>
    </p>
   </div>
  </div>
 </body>
</html>
