3178 4948
450 408 499 455 nn
523 407 643 456 annno
665 406 835 456 raornrre
850 408 933 456 nra.
956 407 1000 456 rr.
1039 481 1042 489 ¹
1214 393 1274 462 lot

184 548 566 631 futurorumpreescium
581 541 848 629 memoravimus,
862 552 910 618 uti
925 567 1063 618 oausam
1084 551 1172 616 tanti
1194 553 1277 618 meli

187 647 360 714 ediceret.8
391 650 455 714 Ille
468 651 552 716 enim
567 651 759 734 perspicere
774 671 811 716 ee
820 648 849 703 ‘⁹
864 652 1022 735 originem
1036 652 1176 737 hujusce
1191 673 1277 720 mor·

185 747 235 825 bi,
259 749 317 812 sed
333 749 421 813 haud
435 751 575 814 liberum
588 768 665 814 esre
679 749 838 834 cuiquam
852 752 983 836 eloqui:
1006 772 1133 837 ex·quo
1146 754 1278 820 acciae-

184 853 247 926 ret,
259 850 307 913 uti
317 857 327 887 ¹
338 850 567 934 ,potentissimi
581 849 668 933 regia
683 852 893 916 contraheret
907 851 1077 918 offensam.
1107 855 1192 921 Post
1199 874 1276 938 quac

186 945 338 1016 Achilles
360 969 453 1034 reges
476 952 623 1032 singulos
644 950 759 1033 adigit,
783 956 819 1015 ut
842 952 1039 1035 interposita
1062 953 1278 1038 jurisjurandi

187 1049 347 1132 religione
362 1049 606 1152 confirmarent,
620 1069 831 1134 nequaquam
842 1071 880 1116 ae
894 1053 939 1116 ob
950 1071 992 1118 ea
1005 1052 1154 1118 ollandi.⁸
1198 1053 1277 1118 Hoc

186 1152 288 1216 uredo
312 1150 469 1228 Calchas,
498 1150 557 1232 ubi
581 1157 772 1215 cunctorum
798 1152 928 1216 animno
948 1152 984 1216 in
1008 1172 1046 1218 ee
1075 1155 1297 1233 conciliavit,

186 1249 359 1335 Apollinis
388 1252 472 1316 iram
498 1253 703 1335 pronuntiat.
755 1251 843 1316 Eum
869 1271 1025 1338 namquo,
1053 1257 1097 1321 ob
1123 1255 1280 1340 injuriam

188 1353 376 1426 sacerdotis
395 1352 548 1418 infestum
563 1351 708 1430 Graecis,
726 1373 854 1436 ,poenas
876 1355 919 1418 ab
940 1355 1094 1420 exercitu
1106 1361 1279 1438 expetere.

188 1453 279 1518 Dein
293 1454 499 1538 perquirente
516 1453 647 1520 Achille
661 1455 742 1520 mali
755 1453 947 1532 remedium,
958 1455 1199 1522 restitutionem
1213 1458 1279 1522 vir·

187 1553 304 1636 ginish
341 1557 543 1640 pronuntiat.
596 1554 678 1638 [en]
713 1555 800 1620 Tum
829 1554 1056 1640 Agamemnon
1085 1551 1292 1642 conjectans'

190 1655 281 1737 quod
304 1675 386 1721 mox
401 1656 534 1734 accidit,
549 1656 693 1722 concilio
714 1657 838 1721 tacitus
854 1675 1020 1740 egressus,
1036 1665 1178 1723 cunctos
1193 1677 1279 1742 quos

148 1787 150 1791 ·
193 1757 498 1822 aecumhabuerat²
513 1758 749 1822 inarmisesse
759 1757 869 1840 jobet.
890 1755 1279 1824 ldubiilchilleeanim·
1377 1745 1379 1750 ’

189 1855 342 1934 advertit,
361 1865 547 1922 commotus
569 1859 615 1921 rei
631 1857 871 1938 indignatione,
881 1856 986 1920 -simui
1001 1857 1147 1940 pernicie
1158 1857 1279 1922 defessi

188 1958 357 2022 exercitus
368 1959 502 2036 anxiae,
512 1957 746 2022 detunctorum
756 1974 911 2038 corpora,
922 1957 1143 2024 miserandum
1159 1957 1279 2022 inmo·

190 2057 271 2122 dum
287 2057 611 2142 conlectarumque
626 2060 660 2123 in
676 2077 778 2122 unum
792 2057 1024 2141 cortigijubet,
1039 2067 1140 2142 atque
1155 2059 1189 2124 in
1203 2077 1281 2124 con·

190 2163 288 2224 ventu
304 2166 382 2223 aute
396 2179 455 2224 ora
469 2160 614 2224 omnium
628 2159 759 2242 projici.
788 2157 868 2236 Quo
883 2161 1078 2240 spectaculo
1092 2158 1179 2224 adeo
1191 2177 1281 2222 com·

157 2242 161 2250 ’
190 2259 275 2324 moti
290 2278 383 2340 reges
397 2263 576 2342 gentesque
588 2277 717 2334 omnes,
728 2258 780 2320 uti
792 2255 990 2321 adversnm³
1000 2255 1281 2342 Agamemnonem

191 2377 214 2424 a
227 2361 357 2424 eunctis
372 2365 573 2442 pergeretur,
587 2358 672 2424 duce
687 2365 791 2441 atque
806 2361 940 2421 auctore
952 2355 1095 2436 Achille,
1105 2365 1153 2434 et,
1167 2357 1197 2422 ai
1210 2375 1283 2440 per·-

192 2465 308 2536 staret‚
324 2456 505 2536 suadente,i
520 2458 628 2522 exitio
642 2456 894 2523 vindicandum·
939 2455 1026 2536 Quae
1042 2458 1100 2522 ubi
1114 2457 1181 2539 regi
1197 2477 1283 2522 nun-

191 2559 300 2636 tiata‚4
312 2559 497 2644 pertinacia
511 2559 627 2635 animi,
641 2578 685 2623 an
701 2560 745 2623 ob
761 2576 904 2638 amorem
914 2555 1072 2640 captivae,
1087 2565 1209 2622 cuncta
1224 2575 1283 2622 ex·

191 2666 299 2724 trema
312 2668 405 2725 ratus
420 2660 574 2745 experiri,
586 2659 668 2724 nihil
681 2657 914 2724 remittendum
928 2656 970 2722 de
982 2659 1169 2723 sententia⁵
1182 2657 1282 2724 desti-

192 2989 244 3035 -9
255 2985 348 3049 Delph.
358 2987 533 3050 mptum-l
553 2985 647 3049 Delph.
659 2990 696 3042 at,
706 2989 734 3032 et
745 2996 804 3032 mox
814 2983 908 3032 att-a
924 2982 1022 3045 Delph.
1032 2981 1170 3031 toltit-8
1187 2982 1285 3045 Delph.

194 3051 364 3100 norom-t
380 3050 565 3101 Portunatiota
575 3049 668 3100 iurarit
679 3047 895 3112 normanna-rr
914 3046 1008 3111 Delph.
1026 3045 1188 3097 demiratio
1205 3046 1286 3096 remst-

690 3221 800 3276 'NOTAE

229 3335 290 3389 ‘lile
300 3339 362 3389 caua
369 3341 499 3402 mopiam
507 3341 544 3404 οο]
557 3337 661 3399 Aiebat,
672 3337 720 3387 aci·
760 3331 849 3394 ἀφέξει,
869 3329 926 3393 ssei*
940 3330 965 3390 ν’
982 3327 1028 3376 Μ
1041 3327 1184 3391 mplomp
1193 3328 1286 3388 upana

194 3414 268 3464 lieet·
761 3407 888 3456 inamata
907 3405 992 3468 κούρην
1006 3402 1143 3464 Ἀπροάτην,
1154 3401 1290 3462 otram,

228 3497 241 3531 Ι
259 3489 413 3550 Narragam
426 3503 452 3537 οο
469 3488 498 3536 ol
513 3503 542 3537 οο
559 3486 660 3551 offendi]
677 3485 721 3536 0lr
761 3481 929 3543 ογωσὶορὴν
939 3474 1230 3540 οκοτόμβηνῖοκρύοην.
1247 3479 1289 3527 ld.

195 3576 230 3612 aa
241 3575 299 3626 qua
315 3561 429 3610 ‹licturua
444 3569 501 3610 erat
519 3561 636 3610 Calchan
670 3558 722 3608 Alii
763 3557 771 3584 ‘
782 3558 875 3619 Neque
888 3554 930 3603 lric
941 3553 1009 3616 prior
1020 3567 1035 3601 a
1047 3558 1120 3614 peste
1131 3565 1223 3614 graver
1233 3567 1287 3602 me·

195 3638 247 3689 ‘ab
262 3637 312 3695 eo,’
330 3637 358 3686 id
375 3643 424 3699 eat,
438 3634 639 3686 ‘acalclrante’
669 3632 722 3682 Sed
762 3643 810 3682 oua
832 3626 985 3690 continebit,
1006 3640 1080 3692 quum
1103 3626 1171 3691 patri
1192 3626 1287 3678 dilecto

196 3714 239 3764 llic
251 3713 393 3764 Homerum
401 3726 453 3762 uon
464 3711 596 3777 aequitum
607 3709 650 3776 qui
661 3709 723 3760 acri·
762 3706 887 3756 reddatur
897 3703 1008 3755 formcaa
1018 3705 1105 3768 puella
1113 3704 1220 3767 inanito,
1230 3704 1286 3754 alne

193 3789 239 3840 lrit
253 3788 420 3839 Calchantem
441 3785 474 3836 ab
491 3785 592 3836 Achille
609 3785 665 3836 eolo
681 3799 725 3849 pe·
761 3781 928 3832 redemtiooia
947 3780 1047 3844 pretim
1070 3785 1098 3830 at
1116 3780 1227 3830 ducatur
1248 3794 1288 3830 aa·

198 3862 280 3920 tiliae,
295 3868 325 3912 ut
338 3862 441 3926 Juraret
455 3863 527 3911 illum
536 3861 627 3912 aibi'et
638 3860 724 3910 verbio
761 3871 807 3908 cra
816 3854 968 3906 hecatombe
978 3855 1011 3906 ad
1020 3855 1164 3919 chrysam.'

199 3944 228 3986 et
238 3935 355 3986 manibus
365 3936 556 3986 auxiliatorum.
579 3935 655 3986 Quod
665 3949 724 3985 curn
792 3931 800 3965 ¹
816 3933 851 3982 Et
861 3932 884 3988 ai
896 3935 1023 3996 perstaret,
1034 3932 1155 3990 moene,
1166 3928 1220 3992 tra]
1241 3929 1287 3980 Se·

199 4010 439 4074 reclinatorium,
453 4009 510 4062 'tum
525 4011 627 4060 demum
639 4015 723 4060 ratem
761 4007 814 4059 rica
829 4012 884 4056 eat:
903 4005 1005 4056 thrlle
1016 4004 1083 4053 <luce
1095 4009 1122 4052 et
1133 4009 1248 4066 auctore,
1259 4008 1290 4054 et

200 4089 356 4152 eloqoutum.
763 4079 1177 4134 suadente‘exitioaindicandum
1189 4091 1254 4141 eata,
1266 4079 1289 4130 ai

232 4161 445 4214 ¹¹liertitrrtiorreoa
471 4159 585 4222 eagina]
617 4159 723 4211 lloroer.
764 4157 941 4223 Agamemnon
953 4154 1264 4220 peteteretperairteret.

202 4237 257 4287 Οὐδ’
273 4237 316 4299 ora
337 4229 391 4303 apia
416 4239 508 4299 λοιμοῖο
529 4234 625 4300 βορείου
644 4235 724 4300 χεῖραο

265 4317 354 4382 Delpl.
363 4322 387 4368 rt
401 4317 459 4370 Ver.
471 4317 535 4367 Cloe·
667 4314 739 4367 Dici.
751 4314 816 4364 Cret.
1203 4309 1226 4358 L
