3152 4950
455 391 503 440 un
528 390 647 440 sentio
670 391 842 442 unctius
868 393 998 466 ιιι-ν.
1192 383 1260 448 259

168 532 313 598 animem
331 531 521 600 offundunt:
537 533 834 618 perquirentesqnc
849 537 964 602 mortis
979 555 1093 619 genus,
1107 541 1258 606 animad-

167 639 294 698 vertero
308 634 393 700 ferro
409 634 627 700 interiectum.
672 634 755 699 Inde
769 641 859 700 ortus
881 655 941 719 per
963 638 1066 703 duces
1087 647 1186 724 atque
1198 661 1258 706 exe

166 735 304 799 ercitum
321 735 485 800 tumultus
497 736 622 818 ingens,
645 755 685 800 ao
701 737 778 800 dein
794 737 917 802 seditio
930 739 1022 804 brevi
1038 737 1164 819 adulta,
1180 763 1258 808 cum

166 836 324 919 sotejam
339 835 555 900 Palamedem
563 838 671 902 virum
680 836 769 902 domi
780 839 937 922 belloque
949 840 1256 922 prudentissimum,

166 953 253 999 nnnc
267 935 410 1018 Ajacem
424 937 609 1020 inclytum⁰
632 945 684 1001 tut
705 937 847 1020 egregiis
870 939 1005 1022 pugnis,
1021 948 1124 1024 atque
1147 949 1257 1006 utros-

168 1053 234 1120 que
248 1037 380 1102 insidiis
400 1057 513 1103 eorum
537 1037 783 1102 circumventos
804 1039 1066 1120 ingemiscerent·
1110 1040 1165 1105 Ob
1180 1062 1258 1126 qum

167 1138 357 1219 supradicti
377 1155 474 1219 reges
488 1138 597 1215 veriti,
613 1151 654 1202 ne
675 1157 744 1222 qua
765 1140 817 1204 vis
838 1141 882 1203 ab
905 1142 1053 1205 exercitat
1074 1151 1257 1225 pararetur,

166 1237 257 1301 intus
285 1237 394 1302 clausi
413 1239 599 1323 firmatique
620 1255 682 1322 per
702 1243 910 1305 necessarios
932 1247 1073 1309 manent.
1118 1243 1256 1308 Interim

167 1337 422 1420 Neoptolemus,
438 1338 579 1406 adventu
592 1339 674 1422 ligni
689 1343 837 1431 materia,
855 1339 997 1426 Ajacem
1011 1349 1158 1408 cremat:
1181 1346 1259 1408 reli·

166 1439 441 1522 quiasque,urnae
453 1440 777 1519 aumaeounditas,in
789 1438 947 1506 Rnoeteof
959 1443 1257 1527 sepeliendaspro-¹

166 1542 285 1616 curat}
307 1540 463 1624 brevique
484 1541 645 1606 tumulum
667 1549 874 1608 exstructum
897 1552 1077 1610 consecrat
1098 1547 1131 1610 iu
1154 1545 1258 1610 bono·

168 1659 234 1704 rem
249 1641 332 1704 tanti
347 1639 456 1705 ducis.
502 1640 590 1720 Quae
605 1643 635 1708 si
651 1649 726 1708 ante
740 1649 874 1729 captum
898 1645 1000 1710 Ilium
1023 1647 1177 1712 accidere
1198 1667 1257 1729 po·

166 1741 322 1818 tuissent,
337 1740 487 1824 protecto
499 1762 620 1826 magna
634 1763 678 1808 ex
692 1751 787 1827 parte
803 1753 968 1827 promotae
979 1765 1033 1810 res
1047 1746 1204 1824 bostium,
1216 1767 1257 1812 ac

167 1841 352 1918 dubitatum
366 1844 408 1907 de
422 1863 551 1908 summa
564 1865 672 1909 rerum
686 1845 816 1911 inisset.
843 1846 948 1928 Igitur
963 1847 1118 1929 Ulyssss,
1133 1847 1257 1914 veritus

165 1941 235 2004 vim
251 1942 367 2006 offensi
382 1944 565 2021 exercitus,
591 1946 679 2009 clam
702 1945 868 2009 Ismarum
884 1945 1012 2028 aufugit
1026 1942 1060 2009 rh
1083 1951 1185 2029 atqua
1208 1945 1258 2009 ita

166 2040 351 2108 Palladium
380 2044 471 2127 apud
494 2045 694 2111 Diomedem
717 2051 839 2110 manet.
895 2046 977 2130 [itt]
999 2045 1157 2110 Ceterum
1179 2053 1258 2128 post

167 2143 362 2208 abscessum
377 2144 520 2228 Ulyssis,
538 2144 694 2223 Hecuba,
710 2165 778 2229 quo
792 2147 965 2210 servitium
980 2152 1086 2210 morte
1101 2145 1255 2222 solveret,

165 2237 272 2308 multa
286 2246 432 2328 ingerere
447 2245 637 2322 maledictu,
659 2231 904 2332 imprecatique
925 2247 1069 2313 inlausta
1090 2243 1203 2312 omina
1224 2243 1257 2308 in

166 2345 366 2411 exercitum:
390 2365 492 2432 qnare
507 2358 615 2412 motus
636 2341 733 2410 miles
754 2347 927 2430 lapidibus
944 2347 1117 2411 obrutam⁵
1139 2341 1258 2420 necat}

164 2675 181 2721 t
198 2641 294 2736 Delplr.
305 2673 445 2736 petia-⁵
463 2672 527 2723 Post
538 2673 645 2724 obuiam
655 2673 735 2724 babet
753 2673 847 2738 Delph.
857 2686 956 2736 vocem,
967 2687 1027 2736 mm,
1042 2675 1070 2721 et
1086 2669 1179 2720 morai
1198 2675 1257 2732 post

660 2832 767 2883 NOTAE

196 2925 208 2958 θ’
226 2923 296 2974 Nunc
313 2919 408 2985 Merra
422 2921 548 2990 inclytam]
570 2927 688 2990 Suspice·
729 2927 769 2978 80.
785 2927 822 2976 sit
834 2925 940 2991 AJsrem
957 2935 1040 2992 propa
1055 2925 1159 2990 Sigeum
1171 2924 1257 2988 repul·

164 2991 261 3050 bantur
278 2998 345 3048 eninr
364 3013 411 3064 per
428 3015 472 3050 eos
484 2999 593 3065 Ajacem
611 2999 689 3053 luter·
730 3009 784 3051 tntu
795 3001 881 3053 fuisse.

165 3073 262 3125 fectum
283 3074 373 3140 fuisse,
393 3075 435 3141 qni
457 3083 543 3126 tamen
562 3091 590 3126 se
607 3078 691 3141 ipsunt
761 3073 1064 3140 tSepetteruarprmmt]
1082 3073 1257 3134 Neoptolemo

165 3148 272 3198 oceidit.
306 3147 412 3198 Homer.
424 3149 545 3213 Sophocl.
556 3149 634 3199 Orid.
642 3155 692 3202 &a
730 3150 756 3199 id
766 3149 861 3200 Noster
872 3151 975 3212 tribuit,
986 3149 1055 3214 qnod
1066 3147 1206 3210 Sophocles
1215 3159 1257 3194 ve·

163 3223 262 3272 'remen
274 3223 356 3273 Dares
372 3223 502 3287 Phrygius
514 3223 614 3288 scribit,
628 3223 692 3290 Aja-
733 3223 863 3273 risimilins
873 3225 983 3272 Teucro.

164 3312 221 3347 cern
236 3311 252 3346 ι
268 3297 363 3348 Paride
379 3299 538 3349 vulneratum
555 3297 693 3352 interiisse.
764 3295 982 3346 ”Ctumlsmuram
992 3291 1099 3354 comsit]
1111 3291 1257 3354 lpsetttys-

164 3373 207 3420 lte
217 3377 245 3421 at
255 3371 411 3421 scholiastes
422 3373 564 3436 Sophoclis.
706 3422 708 3425 ,
733 3383 785 3434 ses,
803 3370 871 3436 apud
888 3369 967 3420 Horu.
979 3367 1032 3419 Od.
1044 3371 1064 3418 t.
1080 3371 1168 3415 narrat
1187 3377 1224 3427 se,
1242 3378 1257 3414 r

196 3442 252 3494 fle
271 3445 379 3508 muco]
400 3445 489 3509 'l'rojte
509 3447 692 3512 promontorio,
731 3447 807 3512 'l'roja
835 3445 990 3510 proiectum,
1013 3443 1095 3492 ventis
1118 3441 1257 3491 Ciconibns

164 3519 552 3582 siretumulo‚nbinrbsetiam
560 3517 691 3572 iultltlrue·
732 3524 869 3586 appulsum
892 3521 923 3568 sd
944 3520 1087 3569 Ismarum:
1109 3515 1205 3566 Ἰλιόθεν
1226 3535 1258 3578 με

164 3597 235 3645 teum
254 3593 333 3644 diota.
359 3593 448 3644 Sttsb.
469 3601 531 3646 xttt.
551 3592 691 3660 ‘Sequitur
730 3591 1026 3661 ptpevttrrrtorlibrdrsuct
1035 3588 1168 3657 πέλασσεν,
1177 3590 1256 3654 ’rept-

163 3671 313 3730 ltboeteum,
335 3667 395 3717 urbs
422 3669 521 3719 tumulo
545 3669 630 3732 insitu,
654 3669 690 3719 ei·
729 3691 770 3736 ρῳ.
787 3665 847 3720 ‘Ab
858 3669 907 3720 llio
918 3683 958 3719 me
972 3668 1058 3719 t'erens
1075 3677 1168 3720 ventus
1179 3669 1255 3719 cieo·

164 3743 690 3810 quecontiguuslitoreaarentetumnlns,
729 3748 805 3796 nibus
817 3743 939 3816 admovit,
957 3743 988 3793 ad
1004 3741 1149 3794 Ismarum!
1182 3742 1256 3792 etco-

163 3819 311 3870 Aisoteium
339 3819 412 3883 quasi
442 3818 593 3883 Ajaoenum.
636 3819 689 3870 Ubi
729 3835 774 3872 nes
791 3827 876 3870 antem
896 3818 1014 3868 Thracias
1036 3819 1134 3882 popntt,
1149 3812 1182 3864 ad
1202 3813 1256 3864 ile·

163 3901 355 3944 mouumentum
375 3901 417 3943 est
434 3894 525 3957 Ajueis
546 3899 574 3944 et
594 3899 688 3945 statne.
729 3893 803 3946 bruun
829 3893 951 3955 flurium3
984 3893 1028 3942 nbi
1055 3894 1115 3942 urbs
1142 3891 1255 3940 Ismarus

135 4027 140 4034 ,
163 3969 240 4020 liena
250 3983 308 4018 onnr
325 3969 452 4020 sublatam
465 3969 592 4020 Antonius
608 3969 635 4018 in
645 3971 689 4020 Ε·
728 3979 809 4034 prope
819 3968 937 4020 Soranum
948 3965 1255 4029 fluviomsits,eregions

162 4051 271 4107 gyptum
282 4045 465 4100 transtulisset,
473 4057 530 4094 erm
539 4055 625 4094 rursus
635 4045 689 4094 Au·
728 4043 871 4094 Maronea.

164 4124 253 4180 gustus
270 4117 451 4170 Rhoeteusibns
468 4119 593 4182 reddidit,
610 4127 640 4170 ut
661 4123 689 4170 et
760 4113 1116 4182 ¹ta1rattmtrreaasecat]
1131 4111 1255 4164 Aliisrri·

163 4189 413 4246 natusmtstectt!
445 4193 545 4246 Plinius
556 4200 691 4259 tament.
730 4195 807 4258 bont,
819 4193 955 4244 Hecubam
967 4205 994 4241 se
1011 4190 1037 4240 iu
1053 4203 1123 4240 mure
1135 4191 1254 4256 precipi-
1293 4215 1298 4224 ·
