3112 4950
299 376 365 440 3112
676 389 838 438 ornaris
863 391 1022 438 aaaron

300 555 386 612 esse,
402 533 461 598 sed
477 533 738 597 laomedontem
761 553 822 596 eos
845 532 987 614 priorem
1012 534 1165 599 laesisse:
1189 537 1397 602 Antenorem

299 636 473 701 discedere
482 635 616 718 J'uhent.
661 635 743 698 Inde
765 635 888 718 Pylum
914 634 958 698 ad
983 636 1160 701 Nestorem
1183 641 1286 716 uenit,
1308 640 1397 705 dixit

299 738 439 804 Nestori
455 755 522 820 qua
537 737 578 800 de
593 756 697 801 causa
711 738 870 800 venisset.
913 734 982 813 Qui
998 743 1032 801 ut
1053 739 1192 814 audivit,
1215 741 1323 822 coepit
1338 743 1397 804 oh-

292 843 437 926 jurgare,
452 859 511 904 cur
526 859 630 903 ansus
646 840 690 902 sit
704 840 738 902 in
754 838 921 903 Graeciam
936 841 1058 916 venire,
1075 859 1149 902 com
1167 859 1188 904 a
1203 839 1395 925 Phrygibus

297 945 412 1008 Graeci
427 944 519 1026 prius
534 943 610 1006 laesi
624 937 776 1005 fuissent.¹
820 941 888 1005 Ubi
904 941 1035 1004 audivit
1049 940 1201 1006 Antenor
1222 944 1269 1005 nil
1286 944 1395 1026 impe·

297 1056 416 1120 trasse,
432 1051 467 1107 et
482 1043 724 1106 contumeliose
746 1042 875 1107 tractari
891 1041 1072 1117 Priamum,
1094 1044 1204 1106 navim
1230 1065 1395 1110 conscen-

296 1149 358 1226 dit,
381 1148 515 1211 domum
541 1163 694 1208 reversus
716 1152 777 1207 est.
822 1145 958 1209 Priamo
983 1146 1051 1226 regi
1076 1144 1291 1224 demonstrat,
1308 1167 1396 1230 quo·

295 1250 398 1315 mo'do
420 1246 652 1329 unusquisque
675 1246 903 1328 responderit:
928 1253 961 1308 et
977 1245 1145 1328 quomodo
1161 1248 1204 1310 ah
1222 1247 1290 1310 illis
1306 1256 1395 1312 trac·

295 1359 386 1417 tatus
412 1350 475 1413 sit:
505 1348 672 1431 simulque
694 1349 846 1412 hortatus
870 1354 921 1411 est
947 1347 1127 1424 Priamum,
1152 1356 1189 1410 ut
1215 1368 1275 1412 eos
1301 1351 1393 1412 hello

294 1457 528 1538 persequatur.
572 1453 636 1532 [a]
659 1449 829 1514 Continuo
853 1450 1007 1513 Priamus
1028 1449 1117 1512 filios
1141 1452 1255 1513 vocari
1279 1450 1393 1532 jubet,

294 1563 328 1619 et
343 1573 459 1618 omnes
471 1555 598 1618 amicos
615 1573 707 1628 suos,
720 1551 936 1628 Antenorem,
949 1549 1132 1628 Anchisen,
1142 1551 1285 1628 AEnean,
1302 1550 1392 1616 Uca-

293 1652 485 1742 legontem,‘¹
501 1653 745 1731 Bucolionem,⁸
767 1649 955 1728 Panthnm,f
975 1653 1207 1734 lamponem,8
1221 1659 1258 1715 et
1274 1655 1392 1716 omnes

292 1755 382 1821 filios
398 1757 456 1840 qui
472 1776 517 1822 ex
533 1755 729 1821 concubinis
750 1755 822 1817 nati
836 1761 948 1818 erant.
994 1753 1061 1831 Qui
1089 1762 1128 1818 ut
1154 1755 1391 1830 convenerunt,

293 1859 384 1924 dixit
395 1860 445 1922 eis
460 1877 499 1923 se
515 1857 715 1921 Antenorem
730 1855 875 1936 legatum
892 1856 927 1918 in
943 1853 1113 1919 Graeciam
1133 1856 1275 1933 misisse,
1298 1859 1336 1918 ut
1356 1857 1391 1920 hi

293 1959 358 2024 sibi
374 1959 606 2024 satisfacerent
621 1955 710 2040 quod
725 1961 861 2038 patrem,
874 1976 970 2018 snum
990 1963 1178 2034 necassent,
1196 1957 1388 2021 Hesionam

292 2062 359 2126 sibi
374 2059 559 2138 redderent,
567 2059 644 2123 illos
660 2055 1128 2135 contumeliosctractasse,⁶¹²
1142 2065 1176 2121 et
1187 2056 1388 2122 Antenorem

290 2163 374 2227 nihil
390 2163 434 2226 ab
455 2163 504 2225 eis
529 2163 748 2243 impetrasse:
771 2175 885 2222 verum
901 2160 1057 2241 qnoniam
1074 2161 1390 2224 suamvoluntatem

289 2265 398 2330 iacere
412 2265 612 2339 noluissent,
624 2261 727 2327 videri
745 2248 1007 2324 sibiexercitum
1020 2264 1054 2325 in
1064 2263 1233 2327 Graeciam
1244 2261 1389 2337 mittere,
1421 2310 1426 2317 Α

291 2366 349 2448 qui
375 2364 510 2447 praedas
532 2370 684 2448 raperet⁷
718 2363 761 2426 ab
782 2363 853 2441 eis3
878 2383 921 2424 ne
947 2360 1124 2427 barbaros¹
1145 2363 1258 2428 Graeci
1280 2364 1388 2426 irrisui

182 2461 191 2474 ⁴
289 2466 459 2530 haherent.
504 2464 736 2546 Hortatusque
753 2467 806 2526 est
816 2461 970 2525 Priamus
984 2464 1109 2527 liberos
1124 2481 1218 2539 suos,
1236 2471 1272 2526 ut
1287 2463 1387 2544 hujus

289 2569 336 2631 rei
351 2568 519 2651 principes
544 2567 662 2640 forent,
688 2564 835 2628 maxime
852 2563 1056 2627 Hectorem:
1080 2573 1152 2627 erat
1174 2565 1259 2627 enim
1281 2565 1387 2646 major

226 2695 231 2698 ·
288 2677 388 2734 natu:
411 2669 469 2751 qni
484 2668 592 2750 coepit
607 2667 727 2742 dicere,
744 2665 828 2729 velle
851 2665 1040 2746 sequidem
1063 2663 1267 2728 voluntatem
1284 2665 1386 2746 patris

288 2773 424 2854 exequi,
439 2777 473 2833 et
484 2767 723 2834 Laomedontis
740 2767 798 2829 avi
812 2766 866 2829 sui
881 2784 999 2828 necem
1015 2765 1147 2841 ulcisci,
1159 2775 1193 2830 et
1208 2784 1384 2848 quascum-

289 2891 354 2956 que
378 2872 517 2955 injurias
541 2869 656 2936 Graeci
679 2868 838 2952 Trojanis
866 2867 1039 2943 fecissent,
1064 2887 1105 2929 ne
1128 2867 1328 2949 impunitum
1352 2865 1384 2927 id

289 2975 404 3040 Graiis
429 2973 530 3038 foret:
554 2972 616 3037 sed
632 2972 748 3048 vereri,
771 2989 813 3062 ne
839 2967 927 3032 non8
951 2968 1109 3050 perficere
1136 2975 1274 3050 possent
1295 2966 1383 3052 quod

742 3166 925 3187 mmo?

223 3315 225 3318 ·
290 3345 293 3350 ,
319 3303 336 3346 c
353 3297 490 3349 Troctunter
508 3299 652 3362 Delph.—⁷
671 3299 771 3360 Repetet
781 3297 925 3360 verpa-s
941 3295 1049 3345 Omittit
1063 3293 1158 3356 Delph.
1173 3293 1288 3341 voculam
1299 3307 1353 3340 noa.

783 3487 889 3538 North

316 3604 328 3638 ⁸¹
348 3601 526 3666 Ucalegonem]
542 3603 585 3652 De
595 3616 645 3666 qno
659 3602 736 3652 Hom.
746 3602 777 3653 rt.
786 3609 812 3652 Γ.
851 3602 952 3661 stalera
963 3601 1020 3650 iilos
1031 3600 1217 3651 contumeliose
1229 3561 1331 3664 spisse!

285 3687 311 3731 et
323 3681 396 3742 virg.
405 3681 461 3732 AEn.
475 3694 507 3731 rr.
883 3677 890 3709 ¹
907 3678 946 3726 Ne
958 3676 1079 3739 lorhoror]
1092 3676 1133 3725 Ne
1143 3675 1244 3725 mireris
1254 3675 1296 3724 hic
1310 3675 1383 3724 Prie·

316 3755 509 3819 0Bucolionern]
532 3755 631 3806 Priami
648 3753 812 3819 fratrempe·
852 3767 921 3802 mum
942 3766 968 3800 se
996 3751 1080 3814 ipsum
1109 3750 1251 3799 Barbarum
1279 3764 1384 3799 vocare.

284 3839 396 3886 ternum.
426 3843 430 3850 '
659 3853 662 3862 ’
852 3826 1049 3890 Nemsleupnd
1066 3826 1216 3888 Euripidem
1235 3825 1343 3874 Hecuba
1355 3836 1383 3876 et

317 3906 473 3972 'Pontium
489 3908 594 3957 Patrem
608 3907 815 3972 Pulydamantis,
853 3905 954 3954 Hector
975 3916 1003 3952 sc
1026 3903 1095 3966 ipsos
1117 3909 1213 3950 vocent
1236 3900 1383 3950 Barbaros:

285 3983 577 4048 dequoepndllietyn.
853 3995 937 4044 neque
960 3986 1023 4028 tuuc
1047 3977 1113 4026 mele
1135 3976 1244 4025 sonabat
1267 3977 1383 4041 appelle·

316 4058 498 4122 ttamen]
515 4059 634 4109 Fratrem
646 4057 753 4107 Priami.
853 4056 890 4106 tio
907 4055 961 4116 illa,
978 4061 1006 4105 ut
1017 4054 1082 4104 male
1098 4051 1201 4118 quidam
1212 4053 1261 4102 sihi
1278 4066 1384 4116 persua·

316 4133 404 4184 ¹'Illos
420 4135 583 4188 contumeliose
604 4138 719 4183 tracturae
737 4133 812 4196 [tme-
852 4132 925 4182 dent.

284 4209 374 4272 rames]
400 4211 484 4259 Deest
497 4209 611 4273 eliquid3
628 4207 719 4258 melius
730 4210 810 4272 scrip·
857 4257 861 4262 ,
