3112 4950
461 388 511 436 Dll
534 388 656 438 BBLLO
679 383 852 438 morino
876 390 950 441 ms.
974 393 1025 441 vl.
1218 379 1297 460 285

188 529 323 608 tnlemc,
337 527 516 596 ¹Molossos
527 531 639 609 mittit,
654 530 794 596 dolumd
815 533 961 614 Orestis,
976 535 1117 620 ejusque
1132 537 1284 624 conjugis

186 631 329 698 insidias
357 633 400 699 do
429 633 647 698 interimendo
668 633 755 698 foetu
778 633 935 700 verito.⁶⁸
993 636 1073 720 [lt]
1104 637 1173 704 Per
1194 641 1284 708 idom

185 737 316 816 tempus
339 735 481 819 Ulysses
505 735 636 799 territus
658 735 784 800 crebris
812 737 971 820 auguriis,
997 740 1203 824 somniisque
1226 745 1284 810 od·

185 835 305 912 versis,
326 854 438 900 omnes
460 836 607 920 undique
629 836 774 918 regionis
797 836 871 920 ejus
894 837 1130 922 interpretandi
1155 847 1284 910 somnis

185 935 409 1020 peritissimos
422 935 597 1003 conducit:
617 938 735 1022 hisque
748 939 847 1004 refert
862 941 945 1004 iuter
955 947 1079 1021 cetera,
1092 943 1203 1009 risum
1216 945 1283 1012 sibi

95 1059 97 1062 ’
185 1037 312 1120 smpius
326 1039 537 1104 simulacrum
550 1036 561 1075 f
581 1039 762 1122 quoddam,
776 1039 862 1104 iuter
875 1039 1052 1106 humanum
1070 1044 1282 1130 divinumque

184 1137 440 1205 vultumformae
463 1140 717 1223 perlaudabilis,
743 1159 788 1204 ox
810 1141 927 1206 eodem
949 1145 1025 1208 loco
1046 1151 1183 1232 repente
1206 1148 1282 1214 edi:

183 1239 276 1322 quod
292 1241 473 1324 complecti
495 1261 624 1306 summo
639 1242 806 1308 desiderio
830 1244 978 1327 cupienti
993 1247 1068 1323 sibi,
1090 1249 1288 1333 porrigenti«

162 1354 164 1358 ’
184 1359 252 1424 quo
266 1359 395 1422 manus,
410 1363 607 1428 responsum
623 1346 666 1410 ab
684 1365 725 1410 eo
740 1345 885 1410 humone
898 1365 993 1426 voce,
1009 1349 1209 1415 sceleratam
1222 1351 1283 1418 hu·

178 1441 329 1526 jusmodi
354 1445 639 1529 conjunctionem,
665 1447 792 1532 quippe
815 1449 963 1532 ejusdem
987 1451 1160 1532 sanguinis
1182 1459 1282 1538 utque

184 1545 344 1626 originiss
366 1567 510 1632 namque
533 1567 578 1612 ex
604 1557 670 1613 eog
691 1550 831 1614 alterum
856 1551 993 1616 alterius
1009 1571 1112 1635 opere
1132 1554 1282 1620 interitu-

183 1664 264 1712 rum.
309 1649 395 1712 Dein
409 1651 556 1716 uersanti
576 1651 642 1715 sibi
655 1652 893 1729 vehementius,
915 1655 1128 1738 cupientique
1142 1674 1281 1721 consum

183 1748 259 1833 ojus
281 1751 331 1814 rei
354 1751 552 1834 perdiscere,
580 1753 710 1836 signum
735 1753 901 1834 quoddam
924 1754 1009 1817 mori
1031 1755 1167 1832 editum,
1184 1757 1281 1820 iuter-

183 1849 298 1914 venire
312 1852 418 1916 visum
428 1849 461 1916 :¹¹
484 1852 585 1936 idque
602 1851 785 1916 secundum
802 1853 978 1933 imperium
993 1852 1086 1936 ojusi
1108 1857 1143 1918 iu
1158 1875 1194 1920 se
1204 1857 1281 1939 joc·

638 2045 760 2068 WOO
763 2047 822 2068 neo

214 2181 230 2225 θ
246 2177 341 2242 Delph.
353 2179 468 2228 Moiosscs
485 2193 516 2228 m.
527 2180 620 2227 domum
634 2179 743 2228 Orestem
754 2179 847 2243 ejusque
857 2175 978 2242 coniugem
991 2181 1016 2228 d.
1028 2181 1046 2231 i.
1061 2179 1087 2239 s.
1099 2177 1199 2232 enitens.

677 2373 782 2424 NOTAE

181 2501 326 2552 dromnolue
342 2505 396 2552 tres
409 2501 474 2553 filios
489 2507 625 2553 urimersut
636 2510 708 2552 vete·
748 2501 776 2566 li,
789 2517 881 2566 nempe
894 2501 998 2566 Ulysse,
1015 2507 1042 2550 et
1057 2499 1133 2552 Circe
1152 2499 1211 2553 Dea
1228 2505 1282 2555 edi·

178 2591 238 2640 res3
262 2577 399 2642 Pyrrhum,
416 2577 568 2641 Molossum,
579 2585 607 2630 et
625 2577 708 2629 AEnci·
750 2583 792 2626 tus
804 2584 871 2627 eret.

181 2651 241 2714 den,
253 2654 304 2714 vel,
319 2661 349 2704 ut
368 2651 420 2714 elii,
434 2645 601 2718 Pergamum,
612 2655 709 2704 Molos·
781 2659 794 2696 8
812 2653 901 2716 Exeo]
927 2653 1011 2702 Exeo
1028 2657 1161 2716 tempores
1179 2652 1205 2700 iu
1222 2663 1280 2716 pos·

179 2735 245 2790 snm,
259 2733 286 2778 et
296 2727 396 2778 Pielum
409 2729 463 2778 sive
476 2731 581 2782 Pielem.
605 2731 709 2794 Euripi·
749 2735 851 2779 terum:
870 2727 966 2793 alioqui
975 2728 1150 2790 scribendum,
1160 2730 1167 2755 ⁸
1179 2737 1213 2777 ex
1225 2729 1272 2778 ils!

179 2803 226 2852 des
238 2809 323 2852 temen
335 2805 437 2854 unicum
450 2805 552 2869 Pyrrho
561 2805 641 2856 filium
653 2807 708 2863 dot,
780 2803 793 2836 ¹¹
810 2805 912 2866 Signum
923 2805 984 2853 niori
992 2804 1082 2854 editum
1091 2795 1236 2854 interuenire
1244 2805 1281 2854 oi·

178 2891 272 2942 nempe
284 2879 433 2931 Molossum.
463 2881 613 2946 Euripidem
625 2885 708 2948 sequi·
748 2881 811 2944 sum]
827 2879 947 2930 Jeculum
957 2879 1123 2944 significavit,
1135 2895 1185 2946 quo
1202 2879 1280 2944 Ulys-

175 2957 223 3003 'tur
234 2955 339 3019 Dictys,
350 2956 400 3006 nisi
413 2957 481 3022 quod
496 2959 607 3006 noudum
619 2964 708 3007 uotum
748 2969 789 3006 ses
805 2955 969 3006 interemtus.
1003 2955 1067 3018 Ejus
1086 2957 1155 3006 euim
1173 2969 1280 3006 acumen

178 3021 321 3080 Molossum
342 3031 432 3094 trodit,
450 3047 509 3082 cum
528 3032 709 3083 Andromache
748 3039 805 3080 erut
817 3043 849 3078 ex
862 3043 918 3080 osse
930 3029 1072 3093 postiueoae
1086 3029 1177 3078 murini
1193 3031 1280 3094 piscis,

177 3097 305 3156 Molossos
317 3107 393 3156 missu
402 3115 452 3158 est.
748 3106 792 3168 qui
807 3105 909 3156 Grecis
925 3106 1019 3170 ’τρυγὼν
1035 3105 1120 3154 dictus
1139 3111 1188 3154 est.
1222 3099 1279 3156 Quo

208 3179 354 3230 *Menon
368 3182 445 3231 mittit
459 3181 576 3248 [demum]
599 3183 709 3232 Molossi
749 3194 825 3228 seusu
845 3182 923 3229 etiem
944 3189 1046 3228 veteres
1066 3179 1197 3228 oraculum
1215 3179 1278 3230 iliud

177 3255 205 3306 in
223 3255 304 3319 Epiro
315 3257 362 3306 sub
378 3257 476 3308 ditione
491 3257 602 3322 Pyrrhi;
627 3271 708 3322 quere
749 3255 878 3303 s'riresia
889 3253 978 3317 Ulyssi
995 3251 1125 3302 redditum
1146 3265 1280 3316 occepere,

176 3327 215 3380 sit
234 3330 363 3380 Molossos
384 3329 487 3381 domum
508 3331 617 3384 misisse.
642 3329 709 3382 Vide
749 3330 817 3396 quod
834 3329 916 3386 refert
932 3329 1009 3378 Hom.
1025 3328 1077 3377 Od.
1093 3333 1121 3377 A.
1138 3323 1282 3378 odvnrosdi

175 3399 252 3470 virg.
265 3419 309 3455 ιιι.
742 3399 1141 3466 'roriidulseird...inrioeeur‚‘
1150 3401 1222 3452 Mors
1231 3404 1278 3454 tibi

209 3489 221 3516 θ
236 3482 342 3546 Eiusque
351 3483 485 3546 coniugis..
494 3485 533 3534 ,de
550 3484 706 3536 interimendo
745 3481 835 3529 umeri
846 3477 950 3529 reniet-⁹
964 3478 1017 3529 Ubi
1029 3477 1087 3526 vide
1099 3478 1278 3542 interpretem,

171 3557 237 3617 soto
253 3557 342 3621 nerito]
371 3559 418 3610 Ait
439 3558 575 3609 'thetidem
593 3561 706 3609 evitasse
729 3553 791 3618 ¹qui
803 3551 916 3617 AEsrlryli
932 3553 1015 3602 locum
1033 3551 1170 3602 adducite
1189 3549 1279 3604 isbuls

178 3632 301 3682 Orestem
320 3640 349 3682 et
364 3633 541 3690 Hermionen,
558 3649 590 3684 ue
603 3633 705 3684 Andro·
746 3627 1277 3691 vvxdmoqidest,Auimarumevoceto-

176 3707 277 3756 machus
286 3705 378 3758 foetum
387 3709 573 3759 interimerent.
590 3707 643 3760 Sed
649 3708 707 3758 bnr·
747 3718 804 3754 res:
816 3704 857 3752 Ἐκ
867 3699 940 3753 τοῦθ’
949 3702 1036 3752 ἄκανθα
1046 3701 1144 3752 murico
1155 3701 1278 3763 Βοσκῆμι·

176 3781 241 3833 bere
251 3784 367 3848 loquitur
379 3785 483 3848 Dictys.
746 3795 788 3828 ror
803 3775 875 3842 Σήψει
891 3776 994 3827 παλαιὸν
1004 3776 1076 3842 δέρμα
1085 3777 1124 3826 rol
1135 3777 1279 3840 τριχοῤῥυέι.

176 3862 179 3872 ’
211 3857 317 3910 ‘Visum
327 3861 373 3910 ribi
383 3859 639 3924 soepiussimnlocrum]
665 3859 707 3909 An
747 3853 841 3904 ‘Illius
869 3863 955 3905 autern
978 3855 1055 3918 spino
1081 3853 1175 3902 murini
1200 3853 1278 3916 piscis

92 3927 95 3944 '
179 3937 305 3986 somnium
317 3937 385 3985 istud
397 3935 502 3985 aliunde
511 3935 633 3985 hebuerit
643 3935 707 3985 Dic·
748 3929 903 3993 Corrumpet
925 3929 1019 3994 pellem
1043 3935 1114 3976 turm
1138 3927 1278 3990 antiquam,

179 4017 230 4073 tyr,
240 4022 274 4060 su
285 4011 341 4075 ipse
351 4010 467 4074 finxerit,
479 4011 565 4062 dicere
581 4026 633 4060 nou
650 4026 708 4076 pos·
748 4005 879 4070 ospitem)
911 4005 953 4054 lte
966 4001 1093 4066 Lycophr.
1111 3997 1277 4052 Κτενεῖδὲτῦ-

179 4101 245 4136 sum.
277 4087 445 4137 Simulacrum
462 4082 526 4136 illud
543 4086 708 4136 iutrrlrumn-
749 4081 894 4147 perrumpi
904 4077 1100 4142 λιιῐγιοιστόνυξ,
1117 4077 1279 4146 Κέντρφδνσ·
1337 4095 1339 4102 ·

160 4189 161 4192 =
178 4175 238 4210 unm
249 4161 411 4226 divinumque
423 4159 532 4212 formum
548 4161 708 4224 Telegonum
749 4155 826 4219 anons
842 4159 946 4210 moror
968 4157 1122 4220 Σαρδονιιῆς,
1146 4155 1230 4222 Κέλοιρ
1250 4155 1276 4204 δὲ

179 4235 391 4298 representabat,
403 4237 446 4300 qui
457 4249 489 4288 ex
501 4235 602 4286 homine
613 4241 709 4284 morte·
748 4231 838 4296 πατρὸς
855 4232 960 4301 warns
976 4229 1127 4291 κληθήσεται.
1149 4227 1279 4284 ‘Occidet
