3112 4950
298 343 364 412 296
672 358 836 406 nnaams
861 358 1020 406 eunucu

298 503 395 569 Dicit
407 501 529 567 Jasoni
547 499 684 565 Colchis
707 502 828 584 pellem
849 500 964 565 arietis
984 502 1174 566 inauratam
1197 512 1301 581 ease,e
1324 505 1395 586 dig·

299 627 379 671 nam
392 606 465 690 ejus
480 605 611 682 virtute,
623 610 661 668 ut
674 622 748 668 eam
763 603 840 668 inde
855 603 1008 682 auferret,
1017 604 1128 668 omnia
1142 623 1180 668 se
1194 606 1227 668 ei
1243 605 1395 670 daturum

299 709 489 792 pollicetur.
532 705 556 771 J
558 725 644 770 ason
658 707 717 770 ubi
731 705 871 782 audivit,
892 711 931 770 nt
955 713 1027 770 erat
1048 705 1143 770 fortis
1160 707 1272 784 animi,
1288 714 1322 770 et
1338 708 1396 790 qni

299 811 378 875 loca
391 809 504 874 omnia
518 827 619 872 nosse
636 807 789 886 volebat,
806 815 908 892 atque
924 810 1097 874 clariorem
1118 828 1155 873 se
1176 807 1321 874 futurum
1338 831 1396 874 ex-

299 912 483 989 istimabat,
508 912 538 974 si
560 910 685 994 pellem
708 911 902 974 inauratam
920 910 1058 975 Colchis
1085 911 1292 989 abstulisset,
1315 912 1398 976 dicit

300 1006 407 1077 Paliae
428 1012 497 1094 regi
513 1031 551 1075 se
567 1011 656 1076 velle
672 1031 713 1075 eo
728 1013 787 1086 ire,
809 1013 839 1074 si
861 1013 950 1076 vires
974 1013 1126 1096 sociique
1145 1032 1212 1076 non
1227 1013 1395 1077 deessent.

299 1112 416 1180 Pelias
428 1133 487 1178 rex
502 1111 629 1196 Argum
645 1113 861 1194 architectum
876 1115 989 1178 vocari
1000 1111 1129 1197 Jussit,s
1147 1121 1180 1178 et
1203 1115 1235 1177 ei
1256 1115 1397 1198 imperat

300 1221 339 1279 ut
360 1234 478 1280 navem
501 1214 684 1279 aedificaret
708 1234 807 1298 quam
833 1215 1096 1297 pulcherrimam,
1120 1217 1163 1280 ad
1188 1216 1396 1282 voluntatem

299 1316 323 1381 J
325 1319 451 1381 asonis.
494 1317 562 1382 Per
576 1322 679 1381 totam
696 1316 865 1382 Graeciam
880 1337 990 1382 rumor
1004 1319 1161 1392 cucurrit,
1174 1337 1294 1382 navem
1311 1319 1394 1382 aedi·

299 1417 404 1496 ficari,
420 1419 454 1482 in
469 1439 538 1502 qua
553 1415 771 1485 Golchos'eat
784 1418 807 1484 J
810 1439 905 1497 ason,
927 1421 1049 1504 pellem
1072 1440 1208 1486 auream
1222 1421 1396 1504 petiturus.

797 1652 903 1704 NO'l'AE

302 1810 409 1868 fiatque,
426 1797 529 1866 ecquid,
547 1799 644 1850 habena
663 1807 830 1863 potestatem,
870 1798 1009 1862 Thyestem
1032 1797 1149 1846 nnbduxe
1172 1797 1300 1862 queritur,
1323 1802 1351 1844 nt
1371 1797 1397 1844 in

301 1881 418 1931 facturus
435 1884 504 1928 erret
520 1877 554 1939 ei,
570 1892 586 1926 a
602 1876 714 1941 quesibi
730 1890 830 1924 exora·
871 1875 995 1924 Colchide
1024 1874 1111 1936 AEera,
1139 1874 1172 1922 an
1205 1874 1279 1937 cnjus
1307 1873 1396 1921 arietis

302 1959 361 2008 aulo
378 1953 532 2018 pradictum
553 1951 632 2002 fuerit
649 1959 757 2002 mortem
774 1953 831 2002 illa·
871 1951 965 2013 pellem
983 1948 1093 2014 profecti
1111 1949 1181 2012 regia
1199 1963 1293 2010 genere
1310 1948 1398 1996 dician-

302 2040 358 2083 tum
375 2032 425 2081 iri?
451 2030 494 2079 cni
512 2029 601 2084 Jaron,
618 2029 721 2092 pellem,
737 2028 831 2090 inquit,
872 2033 915 2074 tur
927 2023 1099 2088 Argonautae?
1132 2023 1218 2074 Aliter
1228 2024 1306 2073 etiam
1315 2023 1399 2072 Palae-

302 2108 406 2158 velleria
417 2107 487 2156 aurei
499 2111 527 2154 nt
543 2103 657 2165 afferret,
667 2103 830 2167 imperarem.
872 2102 975 2165 phatur,
987 2103 1014 2150 in
1025 2100 1133 2160 Phrixo,
1144 2115 1220 2165 quem
1232 2100 1301 2150 virle.

303 2183 379 2237 Quod
392 2183 436 2232 ubi
450 2181 548 2232 audivit
562 2179 830 2242 PeliaaipaumJaao·
903 2175 1019 2239 ‘Argea
1041 2177 1196 2227 architectum
1215 2177 1295 2227 menri
1310 2176 1399 2239 ium]

302 2258 468 2310 hamedeum
480 2257 572 2320 pellem
584 2256 622 2304 ire
634 2255 721 2305 rtatim
733 2269 831 2318 praece·
870 2254 937 2306 Quia
948 2254 1019 2304 naria
1030 2253 1170 2303 vocabatur
1180 2253 1259 2317 Argo,
1271 2252 1304 2301 ab
1316 2253 1398 2302 archi·

303 2335 352 2398 pit,
363 2339 425 2385 arc..
871 2337 950 2389 tacto,
964 2329 1008 2394 qui
1028 2328 1112 2395 Argus
1132 2337 1279 2393 vocaretur,
1300 2327 1399 2378 factam

245 2411 247 2416 '
303 2405 306 2412 ’
336 2405 829 2471 eColaltirpellem‹triett'ciuaurutamaa·
870 2405 1057 2456 existimarunt.
1107 2404 1157 2453 Sed
1185 2405 1281 2468 optime
1309 2403 1398 2452 docuit
1436 2448 1440 2458 ,

302 2484 340 2548 aa]
364 2483 543 2536 enecaretur
559 2497 683 2545 suspensa
700 2497 715 2532 e
733 2498 830 2546 quercu
870 2482 1097 2545 praestantissimus
1122 2481 1276 2541 Bucbartua,
1297 2479 1398 2528 Phoeui·

302 2561 330 2610 in
349 2559 442 2609 Martia
461 2559 519 2608 luco
535 2558 674 2622 visebatur,
684 2573 715 2606 ac
735 2559 782 2608 rub
794 2559 829 2608 in·
870 2572 914 2607 cer
926 2557 1021 2606 diuisae
1032 2560 1040 2586 ‘
1050 2556 1126 2607 arca'
1139 2558 1180 2605 vel
1192 2559 1200 2584 ‘
1210 2555 1288 2627 arca:
1302 2565 1331 2604 nt
1342 2556 1398 2620 Syri
1439 2574 1445 2584 ·

303 2637 398 2688 romnis
417 2635 536 2684 draconis
552 2634 670 2684 custodia
682 2636 830 2686 asservaba·
870 2631 991 2689 efferunt,
1004 2647 1081 2682 naver
1095 2629 1273 2695 longitudinis.
1291 2632 1344 2680 aive
1354 2646 1397 2680 na·

303 2719 356 2762 tur.
391 2711 454 2758 Eam
475 2716 561 2758 autem
580 2709 668 2757 arietis
689 2708 768 2769 illiue,
787 2711 831 2774 qni
871 2724 915 2759 ver
935 2711 1035 2773 longae.
1069 2709 1155 2773 Atque
1174 2707 1352 2766 indefactum,
1369 2707 1396 2756 li·

302 2785 429 2835 Phrixum
450 2798 497 2847 per
526 2783 724 2848 Hellespontum
749 2787 830 2844 vexit,
870 2792 927 2836 tera
944 2787 965 2835 C
985 2786 1011 2834 in
1030 2785 1176 2846 Gmutata,
1191 2794 1221 2834 ut
1237 2785 1310 2834 navia
1327 2785 1397 2846 Argo

303 2861 398 2925 pellem
409 2858 491 2908 fuisse
503 2857 611 2908 fabulati
622 2867 692 2921 aunt,
708 2862 781 2924 cnjus
795 2864 831 2911 la·
871 2863 1055 2926 appellaretur,
1077 2877 1135 2925 quae
1157 2862 1240 2924 prima
1261 2859 1311 2910 fnit
1327 2863 1398 2910 navia

303 2935 831 3000 naanrea,vel,ntaliirolnnt,purpnrea.
872 2941 950 3002 longa
972 2939 1040 3002 apud
1063 2939 1179 2988 Graecor-
1212 2937 1299 2987 Graeci
1322 2937 1398 2997 enim,

303 3011 357 3061 Alii
369 3010 486 3072 tradunt,
500 3011 594 3074 pellem
606 3010 676 3060 illam
688 3011 781 3061 librum
794 3012 832 3062 fu·
873 3029 954 3080 utque
963 3015 994 3063 atl
1006 3015 1127 3066 ,iasonem
1138 3022 1166 3063 et
1175 3013 1350 3077 Argonautas,
1360 3027 1399 3062 ac·

304 3089 355 3137 inre
367 3087 479 3151 pellibus
495 3086 655 3150 inscriptum,
675 3102 725 3150 quo
740 3089 834 3152 lapidis
873 3089 1318 3140 lumrotundirnavibusutebantur.
1330 3089 1398 3138 Hinc

277 3181 281 3192 ³
303 3162 834 3226 Philosophiciconticieudiraticcuntine-
873 3167 942 3217 Plin.
953 3181 1003 3218 vrr.
1014 3172 1056 3217 ab.
1080 3168 1184 3230 ‘Longa
1194 3181 1260 3215 nave
1276 3166 1398 3218 Jaacuam

303 3241 388 3292 batur.
422 3241 465 3290 lta
479 3241 834 3306 Errttath.inDicnya.Gec·
874 3244 983 3307 primum
1017 3242 1150 3306 reviguere
1185 3242 1400 3305 Philostephanm

275 3325 278 3331 '
303 3319 437 3381 grapbnm.
471 3316 525 3366 Alii
545 3318 626 3382 aiunt,
643 3318 704 3367 inde
720 3319 768 3368 hoc
786 3319 832 3384 ng-
871 3325 963 3369 auctor
979 3316 1037 3366 ert·'
1070 3318 1106 3366 Et
1123 3315 1253 3380 Apollonii
1273 3315 1401 3365 Scholias-

302 3402 419 3442 mentum
431 3393 606 3457 natum,quod
618 3393 644 3441 in
654 3393 832 3445 Colchidefln·
872 3401 921 3454 ter,
933 3409 950 3444 r.
967 3395 1000 3442 de
1011 3393 1082 3457 Argo
1096 3391 1287 3454 umanum
1301 3390 1329 3441 δέ
1342 3397 1401 3456 pam

303 3469 459 3534 aliquidem
480 3484 569 3519 aurum
588 3469 832 3537 veneraremur
871 3471 1032 3535 πρόηνναῦν
1048 3469 1158 3532 γενέσθαι
1173 3468 1272 3533 μακρόν.
1304 3470 1400 3520 ‘Hane

302 3545 483 3608 recipiendum
505 3546 595 3594 incola
624 3545 731 3595 alveolis
755 3555 831 3598 utun·
872 3551 976 3612 longam
996 3561 1085 3596 navem
1107 3547 1214 3610 primam
1234 3545 1315 3596 fuisse
1334 3546 1402 3597 refe·

304 3628 348 3671 tur
369 3621 505 3684 perforatir
527 3631 555 3670 et
575 3621 710 3672 velleribus
727 3624 831 3675 lanaria.
872 3624 949 3674 runt?
965 3622 1037 3672 Idem
1049 3623 1206 3672 Herodotr.
1219 3622 1301 3672 initio.
1320 3623 1402 3674 eriu·

303 3698 349 3747 Ita‘
357 3696 459 3756 Strabo,
477 3697 495 3746 l.
509 3709 549 3746 xr.
562 3704 589 3745 et
602 3696 745 3764 Appianum
782 3699 833 3750 Alii
871 3702 993 3764 quaginta
1009 3713 1134 3748 remorum
1152 3698 1230 3748 fuitne
1247 3698 1311 3748 dicit
1323 3697 1403 3763 Apol-

303 3781 413 3838 propter
432 3772 486 3821 auri
504 3773 610 3822 metalla
627 3788 686 3837 quar
697 3775 733 3823 ibi
753 3776 831 3838 pluri·
872 3774 953 3825 luder.
985 3773 1028 3823 lta
1046 3781 1075 3823 ut
1092 3773 1182 3837 viginti
1200 3773 1313 3837 quinque
1327 3775 1403 3823 remi-

303 3863 361 3912 ma;
379 3850 422 3898 alii
431 3848 582 3914 deniqnecb
592 3851 768 3911 praestantiam
780 3853 833 3899 vel·
873 3867 918 3916 gea
936 3851 969 3901 ab
990 3865 1041 3900 una
1058 3866 1161 3916 quaque
1181 3859 1256 3915 parte
1275 3853 1403 3902 habuerit.

303 3927 385 3976 lerum
408 3926 463 3988 ejus
491 3925 613 3989 regionis.
646 3926 723 3975 Unde
750 3927 833 3976 Varro
872 3928 947 3978 Unde
959 3928 1198 3991 seqnitur,longam
1211 3927 1290 3977 initae
1301 3927 1404 3977 cubita·

303 4003 385 4054 lih.rr.
398 4005 431 4052 de
440 4017 468 4052 re
480 4003 587 4053 Rustica
597 4017 654 4065 cap.
664 4006 687 4052 1.
705 4004 833 4054 ‘Veteres
873 4019 927 4054 rum
950 4003 982 4052 ad
1007 4003 1137 4051 minimum
1160 4001 1358 4066 qninquaginta,
1381 4003 1405 4050 ai

303 4081 389 4146 politae
401 4084 470 4146 ipset
490 4081 601 4144 pecudea
617 4087 724 4145 propter
739 4082 832 4130 carita·
874 4081 972 4144 ringula
985 4077 1157 4129 interscalaria
1167 4075 1405 4139 suerinttrvaxuaia

304 4169 359 4206 tem
377 4171 465 4207 aureae
482 4157 601 4207 habniare
621 4157 701 4220 pellea
721 4155 833 4206 tradide·
873 4157 979 4208 ducrum
995 4157 1150 4213 cubitorum,
1162 4161 1239 4221 prout
1250 4155 1345 4207 debuit
1356 4157 1404 4206 Vi-

304 4239 374 4298 rum,
400 4239 429 4284 nt
452 4233 530 4297 Argia
555 4232 661 4297 Atreus,
681 4245 757 4298 qnam
773 4232 833 4286 ¹ribi
873 4233 1033 4299 truriur,lih.
1045 4247 1065 4283 r.
1077 4237 1102 4286 a.
