3112 4950
474 359 522 406 nn
548 357 676 406 exoro.
699 357 825 406 ruera
848 357 996 408 Hieron.
1208 342 1274 408 ³2⁷

190 503 320 569 Hector
333 503 408 568 luit.
454 501 638 566 Diomedes
653 504 686 564 et
701 499 843 584 Ulysses
858 499 967 564 dicere
983 505 1165 582 coeperunt,
1179 501 1274 568 Troi-

189 605 258 668 lum
273 625 338 669 non
352 605 463 668 minus
478 605 598 668 sortem
611 603 717 666 virum
730 621 808 670 ,esse
822 621 924 686 quam
939 601 1141 666 Hectorem:
1156 603 1274 686 sicque

190 703 352 770 Menelao
366 705 559 770 resistentes
573 705 696 770 bellum
711 704 779 785 geri
800 703 1028 787 prohibebant.
1073 700 1215 768 Calchas
1230 725 1275 770 ex

190 805 329 886 augurio
343 807 525 888 respondit,
542 806 661 870 debere
673 825 832 888 pugnare,
845 824 906 870 neo
921 823 1037 870 curare
1050 801 1163 887 quode
1176 806 1274 872 modo

191 907 378 989 superiores
392 906 528 989 Trojani
541 906 671 970 fuerint.
716 905 799 989 [ut]
819 903 969 988 Tempus
982 923 1102 988 pugnae
1119 923 1289 988 superre-¹

190 1007 249 1072 nit.
274 1007 533 1089 Agamemnon,
551 1007 735 1084 Menelaus,
752 1008 943 1086 Diomedes,
966 1005 1071 1090 Ajax,
1094 1008 1276 1074 exercitum

135 1186 139 1193 Ι
188 1109 351 1173 educunt:
379 1116 498 1172 contra
521 1108 670 1190 TroJani.
733 1109 790 1174 Fit
819 1129 935 1192 magna
964 1109 1086 1185 caedes,
1113 1115 1277 1191 pugnatur

189 1212 319 1287 acriter,
331 1215 468 1292 uterque
485 1211 651 1274 exercitus
665 1211 749 1276 inter
763 1231 799 1276 se
814 1213 966 1276 saeviunt.
1009 1209 1143 1274 Troilus
1158 1209 1276 1274 Mene·

188 1311 281 1376 laum
295 1311 435 1388 sauciat,
449 1311 571 1375 multos
584 1309 749 1388 interficit,
763 1312 906 1393 Argivos
917 1312 950 1375 in
962 1315 1071 1377 castra
1081 1309 1194 1394 fugat,
1208 1328 1277 1374 nox

189 1414 339 1494 praelium
355 1412 487 1476 dirimit.
532 1413 675 1476 Postera
689 1414 742 1477 die
757 1413 890 1478 Troilus
905 1418 939 1478 et
947 1413 1138 1478 Alexander
1151 1411 1277 1482 exerei-

189 1523 262 1577 tum
291 1515 446 1579 educunt.
504 1513 628 1578 Contra
657 1533 774 1578 omnes
804 1512 920 1596 Argivi
949 1515 1133 1599 prodeunt:
1157 1514 1277 1580 acriter

189 1617 354 1697 utrimque
378 1621 551 1698 pugnatur.
593 1615 726 1717 Troilus
746 1615 943 1714 Diomedem
948 1616 1142 1711 sauciat:
1132 1635 1167 1680 tn
1188 1613 1279 1699 Aga·

187 1735 397 1781 memnonem
419 1702 672 1798 impressionem
661 1688 859 1790 facilssm
794 1701 924 1780 necnon
940 1715 1086 1780 faciem
1076 1717 1184 1798 rpsius
1200 1737 1278 1782 sau·

188 1818 267 1895 ciat,
294 1817 440 1899 Argivos
465 1818 574 1880 caedit
618 1817 683 1880 Per
710 1815 842 1897 aliquot
864 1815 937 1882 dies
964 1823 1127 1897 pugnatur
1148 1818 1277 1895 acriter,

188 1920 297 1982 multa
310 1919 415 1982 millia
428 1917 598 1981 hominum
615 1936 656 1978 ex
673 1925 810 2000 utreque
823 1920 914 1998 parte
926 1915 1144 1981 trucidantur.
1186 1916 1277 1999 Aga·

188 2039 354 2096 memnon,
380 2025 418 2084 ut
442 2019 528 2084 vidit
550 2017 709 2100 majorem
735 2025 865 2099 partem
888 2017 1054 2080 exercitus
1072 2037 1110 2080 se
1126 2019 1277 2102 quotidie

189 2123 350 2200 amittere,
369 2136 484 2204 'neque
500 2118 650 2184 sufficere
667 2138 782 2201 posse,
802 2118 903 2182 mittit
917 2119 1069 2182 inducias
1084 2127 1219 2201 petere⁸
1241 2123 1276 2186 in

189 2243 250 2289 sex
263 2243 403 2289 menses.
450 2223 606 2287 Priamus
622 2221 797 2286 concilium
813 2221 912 2301 cogit,
937 2220 1062 2284 indicat
1075 2218 1275 2302 Argiuorum

187 2327 395 2407 legationem.
438 2323 573 2388 Troilus
587 2329 687 2405 negat
700 2323 772 2386 dari
795 2331 862 2384 tam
889 2321 989 2404 longo
1010 2327 1157 2406 tempore
1181 2324 1277 2390 indu·

189 2429 271 2505 cias,
286 2429 345 2492 sed
357 2423 475 2510 'potins
490 2427 737 2508 impressionem
752 2419 847 2502 lieri,f
865 2443 967 2488 naves
992 2423 1136 2488 incendi.
1157 2463 1159 2468 ι
1180 2425 1276 2492 Pria·

188 2548 264 2592 mus
279 2529 359 2612 quid
374 2529 495 2610 cuique
510 2526 660 2592 videatur
678 2527 790 2591 dicere
811 2527 966 2608 imperat.
1022 2525 1185 2592 Omnibus
1201 2529 1275 2610 pla-

190 2631 290 2694 citum
306 2635 367 2707 est,
382 2630 505 2694 debere
519 2629 590 2692 fieri
605 2628 694 2711 quod
710 2628 824 2711 Argivi
840 2632 954 2710 petunt
965 2646 978 2692 ε,
990 2631 1070 2690 tunc
1084 2627 1167 2691 fiunt
1178 2629 1276 2693 indu·

190 2731 252 2794 ciae
268 2733 301 2794 in
316 2749 379 2796 sex
393 2749 533 2796 meuses.
576 2727 805 2810 Agamemnon
820 2728 1000 2793 honorifice
1016 2749 1096 2793 suos
1111 2731 1275 2812 sepelien-

190 2833 255 2896 dos
270 2841 384 2898 curat:
409 2832 621 2910 Diomedem,
638 2831 830 2895 Menelaum
849 2832 985 2896 saucios
1001 2838 1105 2895 curat.
1141 2831 1277 2916 Trojani

189 2955 286 3017 aeque
303 2955 384 3000 suos
400 2935 575 3017 sepeliunt.
620 2934 711 2998 Dum
727 2934 869 2998 induciae
885 2939 972 3010 sunt,
986 2931 1216 3014 Agamemnon
1231 2954 1276 3000 ex

189 3035 322 3097 consilii
336 3037 559 3100 sententia-ad
579 3034 742 3098 Achillem
765 3055 841 3099 cunr
869 3035 1014 3099 Nestore
1038 3033 1274 3116 proficiscitur,

189 3139 226 3196 ut
239 3143 370 3215 rogaret
384 3155 459 3200 eum
482 3137 518 3198 in
540 3134 665 3198 bellum
688 3135 830 3215 prodire.
874 3134 1022 3198 Achilles
1038 3136 1144 3199 tristis
1159 3154 1275 3216 negare

190 3238 294 3320 coepit
308 3256 345 3301 se
361 3236 575 3319 proditurum,
590 3236 650 3299 sed
667 3255 784 3318 pacem
808 3237 877 3316 peti
900 3241 1061 3316 oportere,
1077 3236 1233 3317 conqueri
1244 3244 1275 3300 :⁸

220 3502 236 3546 'l
255 3499 307 3553 Quo
318 3498 413 3561 Delph.

677 3641 785 3692 NOTAE

191 3770 195 3775 -
221 3738 332 3788 eMittit
347 3737 452 3786 induetur
466 3737 556 3800 petere]
582 3737 711 3787 ‘Petere'
752 3737 800 3788 re.'
833 3736 884 3786 Ubi
906 3735 980 3785 deest
1006 3735 1112 3786 verbum
1139 3738 1275 3788 contrariae

189 3831 236 3882 pro
247 3811 390 3878 ‘petitum'
414 3811 487 3870 virg.
505 3812 645 3873 ‘Suspensi
660 3813 711 3861 Eu·
752 3813 946 3878 significationis
957 3812 1160 3876 verbereque,
1183 3827 1276 3877 nempe

151 3892 156 3899 '
189 3887 712 3958 rypylumscitatumcraculaPhoebiMit
751 3891 954 3954 distemperet.
982 3887 1275 3952 Dequcloquandinro

188 3965 285 4018 timus!
751 3965 785 4016 do
796 3967 896 4016 abunde
908 3963 977 4027 apud
988 3962 1093 4025 Dictyu.

221 4042 293 4092 ‘Sed
307 4042 386 4126 poetro
396 4037 568 4101 impressionem
576 4037 647 4102 fieri]
669 4041 710 4091 Sic
783 4039 935 4106 recoquere]
948 4037 1067 4102 Repete‘
1076 4038 1176 4104 coepit,'
1184 4052 1275 4092 acom-

189 4133 248 4168 mox
260 4118 309 4166 trac
321 4115 429 4180 pagina:
448 4111 567 4175 ‘Negare
585 4115 665 4176 coepit
681 4131 711 4165 re
750 4119 829 4168 merui.

189 4191 360 4258 prodituram,
371 4187 416 4242 red
434 4201 522 4252 pacem
539 4187 595 4251 peti
609 4197 710 4253 oporte·
756 4228 760 4240 .
