3112 4950
710 778 749 825 ΙΝ

346 1007 678 1098 DARETEM
731 1010 1109 1106 PHRYGIUM

545 1275 898 1352 PRAEFATIO

272 1513 425 1579 ANNAE
465 1507 781 1599 TANAQUILLI'
820 1519 970 1586 FABRI
1020 1521 1175 1586 FILIAE.

175 1974 240 2062 Ur
251 2017 285 2059 re
298 2019 367 2060 vera
379 2000 435 2060 fuit
449 2001 518 2060 olim
533 2000 638 2078 Dictys
653 1998 703 2077 qui
717 2018 764 2058 res
778 2000 899 2061 Troicas
914 2003 1101 2081 conscripsit,
1112 2005 1268 2066 fuitctiam

174 2106 204 2154 et
219 2095 312 2154 Dares
328 2095 474 2176 Phrygius
488 2097 539 2175 qui
554 2095 710 2175 Phrygiam
727 2095 847 2156 Iliadem
861 2098 941 2159 fecit.
983 2099 1080 2158 Aede
1101 2100 1189 2180 Dicty
1204 2103 1269 2179 qui-

174 2190 240 2250 dem
250 2190 313 2267 jam
329 2211 383 2250 suo
397 2192 464 2251 loco
478 2191 590 2250 dictum
604 2202 651 2249 est
659 2211 667 2258 ;
690 2190 840 2250 veniamus
855 2192 943 2271 igitur
957 2193 996 2251 ad
1012 2195 1160 2253 Daretem.
1202 2196 1270 2255 Fuit

172 2286 197 2344 is
213 2305 229 2343 e
244 2286 392 2366 Phrygia3
413 2287 832 2366 quare‚'1'rojanorumpartes
848 2281 978 2358 secutus,
1000 2289 1121 2348 Hectori
1142 2292 1268 2350 monitor

173 2379 260 2440 datus
274 2394 330 2440 est.
373 2382 552 2442 Ptolemaeus
567 2381 763 2459 Hephaestion
778 2381 828 2440 lib.
846 2403 869 2442 1.
911 2383 1094 2460 Ἀντίπατρος
1109 2384 1140 2444 δέ
1154 2399 1238 2464 φησιν
1252 2390 1267 2444 ὁ

170 2476 328 2548 Ἀκάνθιοι,
341 2477 453 2553 Δάρητα
466 2480 518 2554 πρὸ
530 2479 657 2557 Ὀμήρου
672 2478 824 2551 γράψαντα
838 2481 888 2548 τὴν
900 2476 1008 2536 Ἰλιάδα
1021 2483 1150 2557 μνήμονα
1166 2488 1267 2554 γενέσ-

172 2575 219 2630 θαι
227 2573 356 2648 Ἕκτορος
370 2575 438 2648 ὑπὲρ
451 2582 499 2633 τοῦ
511 2578 554 2648 μὴι
564 2577 680 2633 ἀνελεῖν
691 2572 856 2645 Πάτροκλον
871 2575 982 2649 ἑταῖρον
998 2573 1162 2652 Ἀχιλλέος.
1200 2576 1266 2635 An·

171 2653 284 2744 tipbtcr
304 2677 399 2728 eutem
411 2667 581 2728 Acanthius
602 2667 698 2728 tradit
720 2669 859 2728 Doretem
873 2689 946 2739 eam,
961 2672 1012 2746 qai
1025 2677 1094 2728 onte
1111 2671 1266 2730 Homerum

171 2761 294 2823 Iliadem
308 2767 494 2842 conseripsit,
511 2764 645 2823 Hectoris
657 2764 828 2821 monitorem
832 2763 952 2840 sectum
956 2765 1055 2842 foisse
1069 2785 1104 2823 ae
1118 2766 1145 2822 is
1160 2764 1265 2824 ΑοΙιιἹ-

170 2857 327 2917 liaeociem
345 2859 518 2918 Patroclum
537 2859 690 2919 occideret.
732 2857 844 2915 Eadem
867 2879 903 2916 ex
926 2859 1070 2918 Achantio
1094 2861 1182 2918 refert
1206 2861 1265 2919 Eu-

170 2953 260 3012 statb.
277 2953 304 3010 in
317 2953 427 3032 Odyss.
438 2952 480 3012 A.
496 2953 637 3031 additque
648 2973 685 3012 ex
700 2952 804 3012 eodem
818 2937 1068 3032 ipsum'Daretem
1083 2955 1265 3033 transfugam

169 3048 207 3105 ab
224 3047 331 3126 Ulysse
350 3048 442 3106 fuisse
461 3049 601 3108 occisum.
645 3047 805 3106 Historiam
831 3057 929 3106 autem
953 3049 1070 3108 Daretis
1093 3069 1148 3108 sua
1166 3050 1264 3108 adhuc

169 3149 258 3200 aetate
273 3140 414 3212 extitisse,
436 3141 537 3200 scribit
551 3141 684 3199 AElianus
700 3160 760 3199 var.
775 3141 877 3199 histor.
895 3161 945 3200 xr.
964 3145 990 3200 1.
1024 3143 1091 3202 Ὀτι
1112 3143 1146 3213 ἦν
1168 3145 1263 3218 Ὀρσι-

168 3238 289 3310 βαντίοο
313 3239 483 3312 Τροιὲηιιίοιι
496 3239 549 3308 ἔπη
568 3237 621 3313 πρὸ
642 3238 780 3315 Ὀμήρου,
802 3241 835 3294 ὥς
852 3251 938 3312 φασιν
952 3238 978 3294 oi
993 3238 1156 3311 Τροιὲἠνιοι
1171 3243 1263 3311 λόγοι,

169 3337 214 3392 καὶ
229 3334 278 3392 τὸν
295 3331 390 3406 Φρύγα
405 3332 437 3391 δὲ
451 3333 573 3404 Δάρητα,
588 3330 619 3391 οὗ
640 3331 764 3407 Φρυγίαν
787 3330 896 3390 Ἰλιάδα
919 3334 960 3391 ἔτι
981 3335 1026 3390 καὶ
1049 3339 1099 3390 νῦν
1118 3336 1265 3394 tamaio·

167 3435 257 3506 μένην
280 3427 353 3498 οἴδα,
373 3429 425 3502 πρὸ
447 3428 572 3506 Ὀμήρου
596 3430 641 3486 καὶ
661 3434 758 3484 τοῦτον
778 3429 912 3498 γενέσθαι
926 3431 1054 3500 λέγουσι.
1099 3426 1264 3485 Oroebanlt'i

171 3525 312 3584 Troeemii
331 3527 467 3599 poemata
481 3532 549 3583 ante
566 3523 723 3581 Homerum
737 3523 911 3589 actiterunt,
934 3529 970 3579 at
986 3521 1096 3598 serant
1113 3521 1263 3590 Troezenii,

168 3621 237 3676 item
261 3621 359 3678 Dares
387 3619 557 3696 Pbrygiae,
584 3626 619 3676 ot
646 3617 760 3687 dicent,
788 3622 856 3675 onte
881 3615 1039 3674 Homerum
1067 3617 1153 3686 aicit,
1179 3621 1264 3694 cajus

169 3712 340 3790 Phrygiam
367 3711 485 3771 iliadem
508 3731 596 3792 usqae
619 3715 652 3770 ιἰι
675 3713 753 3770 boae
775 3710 849 3770 diem
864 3711 1028 3769 coarcervari
1041 3713 1111 3770 scio.
1153 3711 1192 3768 Et
1206 3711 1262 3770 hoc

105 3842 109 3845 -
166 3807 240 3866 illud
266 3818 321 3873 est,
343 3806 422 3885 quod
444 3808 555 3866 homini
576 3807 683 3884 nugaci
707 3817 737 3865 et
759 3807 858 3890 ipepto
882 3805 1036 3864 consilium
1059 3805 1138 3876 fecit,
1153 3817 1185 3864 ut
1206 3809 1261 3864 sub

167 3901 245 3960 illius
269 3901 386 3961 Daretis
409 3901 536 3972 nomine,
560 3900 611 3978 qui
632 3920 777 3977 nusquam
798 3901 997 3978 comparebat,
1016 3899 1146 3958 libellum
1167 3898 1261 3969 illum,

168 4015 256 4074 quem
267 3996 355 4056 hodie
368 3996 521 4066 hebetum,
536 3996 566 4052 in
581 3996 676 4054 lucem
698 3996 843 4062 mitteret;
864 3997 979 4074 fingens
993 3993 1076 4051 illum
1091 4013 1108 4052 a
1123 3995 1260 4053 Cornelio

168 4091 285 4168 Nepote
300 4091 401 4151 Latine
415 4092 602 4150 translatum.
644 4091 808 4168 Utrumque
829 4091 906 4149 enim
923 4089 1030 4148 falsum
1044 4107 1120 4160 esse,
1135 4089 1262 4168 plurima

168 4184 300 4243 vincunt.
343 4185 419 4244 Nam
444 4186 557 4264 etipse
582 4184 706 4262 scriptor
728 4189 773 4259 (ut
791 4183 918 4262 jamdiu
941 4183 1054 4242 monuit
1071 4183 1259 4244 doctissimus
