3112 4950
440 425 488 470 nn
513 423 640 472 axem.
663 424 789 474 raone
813 425 961 474 uisroa.
1170 412 1239 476 807

151 566 353 652 predantur.
397 563 498 643 Quod
521 554 681 648 oppidani
702 585 777 628 cum
792 566 965 644 vidissent,
989 566 1046 630 diu
1069 587 1239 650 pugnare·

101 705 103 710 ·
150 673 226 732 runt
245 685 324 731 oum
338 663 547 744 Alexandro,
572 686 614 730 ne
636 666 801 731 Helenam
820 669 945 750 eripere
970 675 1100 758 posset.
1143 667 1239 746 Quos

149 767 344 832 Alexander
366 767 471 831 fretus
496 767 705 831 multitudine
727 769 894 832 sociorum
920 769 1099 850 superavit,
1125 769 1239 834 sanum

149 869 362 952 exspoliavit,
384 867 535 930 homines
552 886 667 930 seeum
682 869 942 950 quamplurimos
958 868 1111 950 captivos
1127 870 1237 948 duxit,

113 985 116 990 '
149 971 302 1033 innavim
318 969 487 1050 imposuit,
499 969 641 1032 classem
656 969 767 1046 solvit,
777 969 909 1032 domum
921 969 1041 1032 reverti
1056 969 1236 1052 disposuit,

148 1071 183 1134 in
198 1075 330 1152 portum
343 1068 508 1132 Tenedon
522 1066 698 1150 pervenit,b
713 1070 770 1132 ubi
780 1067 946 1132 Helenam
962 1075 1137 1133 moestam⁰
1154 1071 1235 1134 allo-

148 1171 229 1252 quio
244 1167 437 1251 mitigavit,d
458 1169 547 1258 patri
570 1171 616 1233 rei
640 1173 741 1249 gestae
760 1171 909 1233 nuntium
926 1170 1029 1234 misit.
1074 1170 1231 1234 Menelao

147 1275 326 1353 postquam
351 1271 386 1333 in
407 1269 495 1352 Pylo
518 1269 705 1333 nuntiatum
726 1277 789 1346 est,
809 1289 885 1332 cum
910 1269 1054 1334 Nestore
1077 1271 1236 1352 Spartam

146 1369 316 1454 proiectus
332 1377 397 1445 est,
414 1370 457 1433 ad
473 1367 755 1451 Agamemnonem
777 1370 908 1434 fratrem
930 1370 1022 1434 misit
1036 1369 1160 1452 Argos,
1183 1366 1236 1434 ro-

146 1489 226 1551 gans
240 1477 277 1534 ut
291 1471 333 1534 ad
348 1491 383 1534 se
398 1471 521 1534 veniat.
564 1470 696 1554 Interea
710 1469 904 1534 Alexander
926 1471 970 1534 ad
991 1476 1118 1553 patrem
1137 1491 1234 1536 suum

146 1589 221 1632 oum
236 1569 351 1652 praeda
365 1570 526 1652 pervenit,
540 1575 573 1634 et
586 1571 635 1634 rei
652 1578 754 1651 gesta
769 1570 918 1635 ordinem
933 1571 1041 1635 referta
1064 1569 1146 1654 [ll.]
1162 1571 1236 1636 Pri-

146 1687 241 1733 amus
268 1671 404 1750 gavisus
429 1676 492 1747 est,
519 1689 655 1752 sperans
678 1669 816 1734 Graecos
840 1689 945 1734 causa
970 1672 1234 1752 recuperationis

147 1769 290 1833 Halenae
314 1789 459 1834 sororem
483 1768 671 1834 Hesionam
692 1771 891 1847 reddituros,
907 1777 941 1834 et
955 1789 1002 1834 ea
1016 1790 1091 1852 quae
1114 1773 1192 1834 inde
1213 1792 1234 1835 a
1280 1801 1284 1808 ·

145 1869 302 1952 Trojanis
328 1871 543 1932 abstulerant.
588 1870 756 1934 Helenam
772 1875 929 1933 moestam
953 1869 1146 1934 consolatus
1171 1880 1234 1945 est.

145 1975 179 2034 et
194 1989 269 2034 eam
285 1968 476 2036 Alexandro
492 1968 666 2052 conjugem
680 1970 792 2034 dedit:
815 1991 916 2052 quam
940 1975 978 2034 ut
1003 1972 1137 2053 aspexit
1151 1971 1233 2035 Cas-

144 2070 278 2147 sandra,
293 2069 471 2133 vaticinari
487 2071 601 2152 coepit,
614 2058 804 2134 memorans
817 2090 857 2134 ea
872 2089 949 2153 quae
966 2075 1042 2134 ante
1064 2073 1232 2153 praedixe-

142 2177 204 2234 rat.
249 2169 362 2248 Quam
377 2169 532 2236 Priamus
545 2169 691 2234 abstrahi
703 2177 738 2234 et
751 2171 878 2234 includi
897 2169 1009 2251 jussit.
1054 2170 1232 2252 Agamem-

142 2290 217 2347 non,
240 2275 421 2353 postquam
441 2268 596 2350 Spartam
615 2269 871 2361 venitpfratrem
894 2269 1087 2334 consolatus
1113 2277 1174 2348 est,
1195 2279 1232 2334 et

143 2371 270 2452 placuit
284 2373 320 2432 ut
342 2389 401 2450 per
422 2373 526 2432 totam
541 2366 707 2433 Graeciam
723 2370 933 2451 conquesturi
959 2370 1163 2435 mitterentur
1188 2373 1231 2436 ad

39 2459 41 2462 ⁵
140 2469 378 2534 convocandos
390 2468 540 2544 Graecos,
551 2476 585 2540 et
596 2468 752 2550 Trojanis
765 2461 887 2532 bellum
898 2468 1117 2532 indicendum.
1141 2469 1231 2534 Gon·

141 2577 303 2634 uenerunt
317 2575 425 2636 auum
438 2569 491 2646 hi;
514 2565 663 2632 Achilles
678 2587 752 2631 cum
769 2567 939 2643 Patroclo,
956 2567 1131 2650 Euryalus,
1153 2570 1230 2634 Tle-

141 2670 315 2750 potemus:
330 2667 523 2732 Diomedes.
560 2667 747 2748 Postquam
761 2665 919 2749 Spartam
934 2675 1159 2745 accesserunt,
1172 2670 1231 2732 de-

141 2773 315 2832 creverunt
345 2767 484 2851 injurias
513 2763 754 2850 Trojanorumf
783 2768 952 2850 persequi,
980 2769 1166 2831 exercitum
1196 2775 1230 2832 et

139 2867 283 2932 classem
298 2887 500 2951 comparare.
531 2866 810 2950 Agamemnonem
820 2869 1051 2950 imperatorem
1065 2874 1098 2931 et
1113 2868 1230 2934 ducem

140 2967 339 3048 praeficiunt.
384 2967 435 3031 Hi
458 2969 589 3050 legatos
605 2968 749 3046 mittunt,
772 2973 809 3031 ut
832 2973 903 3032 tota
918 2967 1054 3034 Graecia
1074 2970 1229 3032 eonveni-

629 3191 737 3241 NOTAE

171 3336 183 3370 t
199 3335 332 3398 inportuni
344 3336 450 3386 Tenedos
461 3334 581 3400 pervenit]
604 3335 665 3386 Die·
704 3348 782 3384 naves
794 3339 884 3386 secuta
893 3339 942 3395 est,
954 3332 998 3382 aed
1007 3345 1064 3381 eam
1074 3332 1150 3382 Paria
1161 3334 1229 3382 intra

136 3418 182 3474 tys
199 3411 245 3470 ait,
255 3425 321 3472 oum
329 3412 471 3462 inconsulte
487 3426 560 3461 urum
571 3413 665 3474 ventis,
704 3423 780 3458 naves
792 3409 937 3472 impellens,
947 3408 1006 3456 vela
1016 3405 1090 3470 lecit,
1099 3411 1148 3457 &e

138 3485 290 3536 Plroenieem
309 3487 446 3548 appulisse.
478 3486 546 3536 Vide
565 3485 601 3534 ibi
619 3500 664 3536 no·
735 3483 872 3544 “Alloquio
880 3481 1015 3544 mitigavit]
1033 3481 1065 3529 Id
1076 3481 1230 3543 aequemur

136 3563 202 3608 tata.
495 3613 498 3617 ¹
704 3565 757 3618 est;
777 3557 912 3620 alloquium
931 3555 998 3604 anim
1014 3562 1055 3604 eat
1071 3556 1227 3606 consolatioz

170 3641 183 3668 ⁰
202 3632 249 3682 Uti
259 3631 375 3681 Helenam
383 3635 500 3698 meatum]
517 3633 664 3683 lenuitIla·
704 3629 1132 3684 Catullusroaat‘allocutionem'
1158 3621 1160 3637 '

137 3722 191 3770 ree,
203 3707 329 3756 Helenam
340 3707 446 3756 invitam
464 3725 480 3757 a
496 3708 591 3758 Paride
605 3723 664 3772 rep·
735 3707 917 3770 empcione]
945 3705 1067 3756 Herculia
1088 3715 1115 3756 at
1134 3705 1228 3768 Astyo-

138 3789 192 3830 tam
212 3778 310 3841 fuirsa;
333 3781 402 3844 quod
422 3782 509 3831 etalii
529 3781 661 3831 scribunt:
703 3782 758 3831 chae
769 3781 844 3837 tilius,
856 3781 907 3828 dux
919 3781 1090 3830 Rhodiorum:
1115 3782 1137 3830 ia
1150 3781 1227 3836 enim,

138 3855 208 3903 unde
224 3855 331 3902 Homeri
347 3855 550 3917 Solroliastea‚in
567 3855 662 3916 onya.
702 3857 788 3906 occiso
815 3855 946 3918 Lyeimnio
973 3854 1106 3904 Alcmenae
1136 3852 1227 3922 fratre,

137 3935 169 3977 Ψ.
192 3929 282 3978 scribit
297 3929 426 3978 Venerem
443 3931 533 3978 Paridi
549 3931 663 3980 Menelai
703 3929 814 3992 patriam
840 3927 941 3991 fugiens
970 3926 1087 3976 Rhodum
1118 3927 1228 3989 appulit,

139 4002 247 4052 formam
260 4003 368 4061 dedisse,
381 4011 409 4052 at
424 4004 462 4053 ita
479 4004 604 4053 Helenam
617 4005 662 4054 da·
703 4019 810 4070 eamque
821 4003 870 4052 sibi
882 4003 1001 4064 subjecit.

138 4077 248 4142 cepisse.
268 4078 332 4139 Ipsa
343 4081 420 4142 enirn,
430 4080 581 4128 existimans
589 4095 662 4130 rere·
726 4079 745 4151 ,ἴ
759 4081 865 4142 injuriae
873 4076 1036 4139 Marmara]
1046 4075 1077 4125 ld
1087 4061 1227 4138 annalia·

140 4169 170 4206 ra
189 4167 245 4202 ease
264 4153 420 4219 Menelaum,
438 4163 531 4220 sponte
552 4171 608 4210 eum
630 4157 662 4206 ad
693 4149 872 4218 'jarririllataa
