3112 4950
283 325 348 392 298
654 337 817 386 panaris
841 339 1001 386 eunucu

283 504 407 559 rorum,
423 484 453 546 si
468 487 581 546 contra
595 483 768 565 imperium
783 487 981 546 conarentur
993 499 1193 566 permanere,
1207 499 1250 546 ne
1261 487 1377 568 oppri-

283 593 465 650 merentur:
492 603 568 648 cum
582 584 649 666 ipsi
663 601 727 647 non
742 589 854 647 essent
868 583 978 666 parati
1001 584 1044 648 ad
1067 585 1302 667 praeliandum,
1317 606 1377 652 na·

284 689 350 752 vim
373 685 648 762 conscenderunt,
670 703 691 748 e
715 692 803 748 terra
829 691 1047 762 recesserunt,
1064 684 1213 751 Colchos
1237 688 1377 770 profecti
1423 753 1425 756 .

284 798 372 866 sunt,
388 788 509 872 pellem
525 786 747 864 abstulerunt,
770 787 903 851 domum
925 789 1050 852 reversi
1072 794 1161 854 sunt.
1204 788 1266 872 [3.]
1289 789 1376 880 Her-

283 891 376 956 cules
392 889 532 971 graviter
546 889 623 952 tulit
646 908 668 953 a
690 907 765 972 rege
785 889 1009 954 Laomedonte
1032 891 1275 956 contumeliose
1301 911 1376 956 sese

282 996 468 1066 tractatum,
482 995 517 1054 et
530 1009 590 1054 eos
605 991 663 1072 qui
685 1010 754 1054 una
774 990 914 1073 profecti
937 999 1035 1056 erant
1056 992 1203 1056 Colchos
1224 1013 1300 1057 cum
1314 993 1338 1058 J
1341 1013 1377 1058 a·

282 1113 373 1170 sone,
390 1093 612 1176 Spartamque
636 1092 678 1156 ad
702 1092 875 1156 Castorem
902 1098 936 1157 et
958 1093 1133 1158 Pollucem
1148 1095 1249 1158 venit.
1294 1093 1378 1176 Agit

281 1217 356 1260 cum
373 1195 437 1272 hi's,
459 1200 495 1258 ut
517 1213 630 1258 secum
653 1213 735 1259 suas
750 1197 888 1280 injurias
902 1195 1093 1272 defendant,
1116 1216 1159 1259 ne
1182 1195 1376 1260 Laomedon

280 1301 417 1381 impune
448 1297 542 1373 ierat,
576 1297 668 1380 quod
693 1299 769 1362 illos
798 1305 929 1363 eterra
953 1305 990 1362 et
1016 1304 1116 1380 portu
1140 1297 1377 1381 prohibuisset.

282 1399 412 1464 Multos
442 1397 610 1481 adjutores
640 1399 722 1464 dicit
749 1400 889 1478 futuros,
922 1401 953 1464 si
980 1419 1018 1464 se
1048 1400 1377 1464 accommodassent.

281 1500 400 1565 Castor
412 1506 448 1563 et
462 1499 589 1564 Pollux
603 1503 717 1566 omnia
740 1502 962 1586 promiserunt
978 1521 1014 1566 se
1028 1501 1178 1566 facturos
1193 1521 1281 1579 esse,
1296 1521 1376 1585 quae

282 1601 448 1674 Hercules
463 1602 575 1666 vellet.
619 1602 676 1666 Ab
700 1604 753 1668 his
779 1604 983 1668 Salaminam
1007 1590 1190 1686 profectae,
1211 1603 1255 1668 ad
1277 1603 1377 1668 'Pela-

280 1721 408 1768 monem
423 1705 513 1769 venit
525 1701 556 1768 :¹¹
579 1711 675 1787 rogat
690 1725 765 1768 oum
781 1711 820 1770 ut
833 1724 944 1770 secum
960 1705 1004 1769 ad
1015 1705 1152 1788 ijem
1166 1712 1233 1782 eat,
1246 1711 1280 1770 ct
1294 1725 1375 1770 snas

280 1803 418 1887 injurias
442 1825 558 1870 secum
582 1805 749 1871 defendat.
792 1806 957 1871 Telamon
979 1807 1133 1889 promisit
1159 1807 1315 1870 omnibus
1341 1827 1378 1870 se

278 1911 443 1990 paratum,
458 1928 534 1990 quae
549 1907 718 1972 Hercules
732 1907 848 1973 vellet.
893 1907 978 1972 Inde
994 1908 1085 1992 apud
1106 1906 1279 1974 Phthiaml
1301 1929 1376 1992 pro-

278 2008 386 2072 fectus
400 2017 453 2072 est
468 2010 511 2074 ad
527 2011 678 2088 Peleum,
698 2017 862 2093 rogatque
876 2028 952 2074 enm
965 2016 1004 2073 ut
1018 2029 1133 2074 secum
1149 2018 1208 2075 eat
1224 2012 1266 2074 ad
1289 2012 1376 2075 Tro-

273 2109 364 2192 jam:
386 2111 626 2196 pollicitusque
641 2117 693 2177 est
706 2111 876 2178 ei‘Peleus
891 2132 928 2176 se
952 2112 1090 2177 iturum.
1137 2112 1223 2177 Inde
1247 2113 1370 2197 Pylum

278 2211 320 2276 ad
338 2212 515 2278 Nestorem
525 2222 547 2250 ¹¹¹
561 2213 729 2298 profectus
743 2221 817 2294 est3
833 2219 927 2296 rogat
942 2235 1020 2280 eum
1037 2215 1162 2280 Nestor
1177 2215 1259 2298 quid
1276 2235 1374 2280 vene-

278 2315 330 2377 rit.
374 2316 541 2380 Hercules
558 2316 651 2392 dicit,
667 2315 757 2398 quod
772 2315 887 2380 dolore
902 2325 1092 2381 commotus
1108 2318 1163 2394 sit,
1180 2317 1287 2380 velle³
1311 2336 1349 2380 se
1360 2326 1375 2352 ¹²

277 2417 457 2482 exercitum
471 2419 504 2482 in
519 2418 700 2502 Phrygiam
715 2419 848 2485 ducere.
895 2419 1021 2500 Nestor
1038 2419 1223 2484 Herculem
1245 2419 1375 2484 collau·

278 2516 381 2596 davit,
397 2539 600 2604 operamque
615 2541 711 2584 suam
727 2521 902 2604 pollicitus
917 2530 978 2586 est.
1013 2522 1183 2586 Hercules
1197 2522 1255 2585 ubi
1270 2523 1375 2585 omni-

278 2637 333 2684 um
357 2617 546 2686 voluntates
570 2623 749 2702 intellexit,
771 2642 876 2689 neves
893 2641 964 2688 xr1.
986 2629 1110 2708 parat‚⁰
1132 2624 1253 2688 milites
1268 2624 1373 2704 eligit.

278 2721 348 2785 Ubi
364 2729 498 2807 tempus
511 2725 628 2789 datum
652 2733 705 2790 est
726 2727 976 2809 proficiscendi,
1001 2714 1178 2790 literas'ad
1202 2745 1262 2789 eos
1286 2743 1372 2807 quos

734 2921 915 2944 numento

309 3054 323 3098 3
345 3049 420 3099 Vellet
431 3049 525 3114 Delph.

772 3251 879 3303 NOTAE

307 3373 322 3406 Μ’
342 3374 382 3422 Ad
412 3373 558 3424 Telamonem
588 3377 665 3439 read]
701 3378 808 3431 Pindnr.
878 3375 1127 3442 nVellc[reltet].re]
1147 3375 1313 3438 Lege⁸velle
1329 3376 1373 3425 sel

275 3451 366 3500 Isthm.
386 3453 410 3500 6.
432 3450 500 3498 Ἀλλ’
521 3450 632 3501 Αἰακίδαν
654 3453 747 3504 καλέων
768 3455 807 3504 ’Er
877 3462 889 3486 ⁰
909 3455 985 3504 Ncoer
1003 3453 1070 3502 XII.
1086 3451 1169 3516 parat]
1194 3451 1245 3501 Alii
1267 3451 1375 3502 tradunt

273 3526 350 3575 πλόον
360 3523 445 3588 κάρυξε
456 3524 550 3575 πάντων
560 3517 706 3589 trimphum
732 3531 806 3580 ‘AEa·
845 3529 985 3579 Herculem
993 3528 1250 3591 Trojam'navigesre,
1260 3541 1318 3576 cnm
1330 3541 1375 3577 na·

231 3615 233 3622 ’
273 3603 357 3654 cidem
377 3610 463 3650 antem
480 3603 589 3652 inritans
603 3604 645 3653 Ad
662 3607 805 3669 navigatio·
843 3606 917 3654 ribus
929 3619 1013 3654 xviri.
1031 3602 1180 3666 Apollodor.
1198 3616 1230 3651 rr.
1251 3602 1294 3650 alii
1314 3617 1374 3652 eum

273 3695 332 3730 nem
341 3679 432 3729 citavit
442 3677 560 3727 omnibus
572 3681 753 3742 epulantibus?
843 3681 902 3730 eolis
915 3679 1020 3728 naribus
1030 3693 1085 3726 rex.
1100 3678 1177 3727 Hom.
1189 3677 1221 3727 Il.
1231 3682 1258 3726 Ε.
1270 3677 1315 3738 Ἓξ
1325 3678 1375 3742 olps

303 3757 309 3790 ¹
329 3755 454 3818 Patriam]
477 3755 500 3803 E
512 3755 616 3818 regione
628 3757 720 3820 Penei,
726 3758 803 3822 juxte
840 3757 885 3806 σὺν
891 3755 959 3815 νηυσὶ
968 3753 1007 3805 rol
1017 3751 1114 3819 ἀνδράσι
1122 3751 1293 3818 παυροτέροισι,
1299 3754 1375 3803 Ἰλίου

272 3832 444 3896 Magnesiam.
843 3831 973 3896 ἐξαλάπαξε
999 3830 1079 3891 πόλιν,
1106 3829 1202 3894 χήρωσε
1230 3832 1250 3879 δ’
1279 3830 1373 3892 ἀγυιάς.
1476 3867 1489 3886 .
1543 3801 1544 3854 Ῐ

304 3914 321 3939 ¹¹¹
339 3907 427 3970 Pylum
437 3909 468 3956 od
480 3907 618 3972 Nestorem]
641 3909 722 3973 Pylur
734 3909 801 3958 Ner·
840 3912 912 3960 ‘Sex
924 3911 984 3959 solie
998 3923 1056 3957 cum
1069 3908 1179 3956 navibus
1195 3917 1222 3957 et
1234 3909 1296 3957 viris
1309 3924 1374 3972 pnn-

273 3983 375 4031 torisia
393 3981 508 4030 Arcadia
527 3982 585 4033 fnit.
619 3984 671 4032 Sed
688 3984 746 4033 vide
763 3986 801 4034 in·
841 3987 962 4046 oloribus,
974 3984 1016 4033 Ilii
1027 3983 1173 4032 devastavit
1187 3984 1277 4034 urbem
1294 3993 1322 4034 et
1334 3985 1373 4033 vi·

271 4060 345 4122 snat
357 4063 380 4108 9.
391 4059 434 4107 ubi
447 4061 484 4108 alt
495 4061 653 4124 Menelaum,
663 4062 696 4110 ad
708 4063 732 4112 N
735 4071 802 4112 erto·
842 4061 930 4111 duarit
949 4059 1037 4110 vicos?
1069 4059 1146 4108 Unde
1167 4061 1283 4123 Lycoph.
1301 4061 1372 4110 Her·

272 4149 326 4182 rem
346 4133 562 4198 proficiscentem,
578 4137 649 4185 circa
661 4137 802 4201 Cytheram
842 4139 926 4188 colem
941 4143 1016 4188 vocat
1026 4134 1070 4186 τὸν
1083 4133 1236 4200 ἐξάπρνμνον,
1250 4139 1314 4188 ‘sex
1326 4152 1371 4188 na·

214 4258 217 4266 ,
274 4209 362 4260 Paridi
375 4209 475 4262 obvium
488 4209 594 4268 sacrum,
606 4214 655 4262 &a
844 4212 930 4263 vium!
