3112 4950
1111 319 1126 350 l

445 429 493 475 ns
519 427 648 475 exoro.
670 426 797 476 rnorm
821 426 969 474 ursron.
1185 411 1250 478 acl

156 581 211 638 tas
226 575 261 638 in
276 570 508 636 Laomedontis
523 570 630 654 patris
644 589 738 647 nece,
760 576 795 634 et
815 571 850 632 in
871 570 1069 634 abductione
1086 569 1250 638 Hesionae

156 675 358 759 pertulisset,
369 673 480 737 omnia
495 678 602 736 tamen
617 690 717 754 aequo
734 672 845 735 animo
859 673 1050 754 passurum,
1059 672 1087 735 si
1098 673 1252 737 Hesiona

158 777 190 838 ei
205 777 403 841 redderetur.
447 771 503 852 [5.]
526 771 685 849 Antenor,
706 778 746 836 ut
761 773 915 836 Priamus
936 773 1125 855 imperavit,
1140 777 1253 839 navim

158 878 364 954 conscendit,
374 874 591 959 etprosectos
602 874 695 938 venit
706 872 911 956 Magnesiam
920 875 964 938 ad
975 874 1128 938 Pelenm.
1143 873 1260 956 Quem,

159 979 283 1042 Peleus
297 977 442 1060 hospitio
457 975 567 1038 triduo
583 975 720 1056 recepit,
735 975 788 1037 die
803 981 945 1057 quarto·
971 981 1065 1056 rogat
1080 995 1156 1039 eum
1172 977 1254 1058 quid

158 1081 294 1144 venerit.
349 1077 500 1141 Antenor
515 1076 600 1140 dicit
616 1095 658 1139 ea
671 1095 748 1158 qoae
773 1095 794 1140 a
815 1077 953 1141 Priamo
975 1077 1132 1140 mandata
1154 1084 1256 1141 erant,

159 1179 283 1245 Graios
297 1176 500 1263 postulare‚''
513 1176 560 1241 ¹ut
584 1177 739 1240 Hesiona
754 1177 956 1242 redderetur.
1000 1165 1088 1242 Haec
1107 1178 1165 1241 obi
1190 1177 1255 1241 Pe-

158 1284 231 1346 leus
247 1283 386 1358 audivit,
401 1281 541 1362 graviter
556 1279 645 1354 tulit,
670 1298 711 1342 eo
724 1279 817 1361 quod
832 1280 896 1343 hoc
911 1281 1072 1362 pertinere
1087 1280 1130 1344 ad
1154 1286 1191 1343 se'
1206 1281 1256 1342 vi-

117 1381 119 1386 ’
160 1384 300 1448 debat:c
317 1384 415 1466 jubet
430 1401 505 1444 eum
522 1380 563 1444 de
578 1379 704 1444 finibus
719 1380 791 1443 suis
806 1381 990 1445 discedere.
1034 1379 1182 1444 Antenor
1205 1381 1256 1444 ni-

158 1484 207 1548 hil
222 1489 378 1558 moratae,
394 1482 504 1544 navim
521 1481 684 1555 ascendit,
707 1481 769 1544 iter
781 1481 863 1544 fecit
878 1481 1083 1545 Salaminam
1098 1481 1145 1568 ad¹
1156 1480 1257 1545 Tela·

160 1603 310 1648 monem:
332 1602 448 1664 rogare
464 1601 540 1644 eum
556 1581 675 1663 coepit,
695 1587 730 1644 ut
748 1582 885 1645 Priamo
902 1602 1048 1647 sororem
1065 1583 1257 1647 Hesionam

161 1686 330 1761 redderet3
346 1683 508 1746 nonenim
520 1700 596 1746 esse
612 1700 743 1764 aequnm
758 1682 897 1748 tamdiu
911 1685 947 1746 in
962 1684 1122 1748 servitute
1136 1683 1258 1748 habere

161 1789 242 1870 regii
257 1787 386 1868 generis
401 1785 563 1868 puellam.
606 1783 769 1846 Telamon
784 1784 945 1846 Antenori
966 1785 1153 1866 respondit,
1173 1787 1259 1848 nihil

161 1910 182 1953 a
197 1909 234 1952 se
251 1889 387 1951 Priamo
408 1887 553 1950 factum:
577 1884 635 1946 sed
650 1882 741 1964 quod
757 1885 893 1948 virtutis
908 1903 1015 1949 causa
1031 1883 1186 1948 donatum
1201 1886 1258 1961 sit,

163 2012 198 2054 so
223 1989 347 2052 nemini
372 1987 544 2050 daturum:
579 1985 622 2046 ob
649 1985 712 2046 hoc
739 1982 941 2048 Antenorem
965 1984 1077 2050 insula
1091 1983 1259 2050 discedere

157 2093 265 2174 jubet.
289 2090 437 2152 Antenor
453 2087 564 2150 navim
580 2085 791 2162 conscendit,
806 2087 839 2148 in
857 2085 1021 2150 Achaiam
1036 2086 1140 2150 venit.
1175 2087 1259 2150 Inde

163 2193 206 2255 ad
223 2190 400 2255 Castorem
415 2193 446 2250 ot
462 2186 637 2249 Pollucem
653 2185 796 2261 delatus,
810 2186 917 2268 coepit
938 2188 981 2250 ab
1005 2188 1058 2250 his
1073 2186 1259 2270 postulare,

163 2298 199 2354 ut
214 2291 348 2354 Priamo
370 2288 615 2362 satisfacerent,
643 2295 677 2349 et
699 2287 731 2350 ei
759 2287 1123 2352 Hesionam·sororem
1142 2285 1260 2350 redde·

163 2403 245 2458 rent.
269 2391 389 2460 Castor
405 2397 439 2454 et
456 2389 582 2452 Pollux
599 2399 800 2470 negaverunt
814 2389 971 2471 injuriam
986 2389 1121 2454 Priamo
1136 2387 1260 2452 factam

658 2619 765 2668 NOTAE

166 2753 276 2814 legatum
292 2750 451 2799 Antenorem
464 2749 578 2808 mittere,
591 2752 619 2794 ut
631 2760 694 2794 nuu-
737 2754 773 2807 te,
784 2762 859 2810 quem
871 2761 917 2795 rex
931 2747 1034 2810 Lycia:
1056 2743 1262 2809 Ἕννῆραρξεῐνισ·

166 2830 253 2887 tiaret‚
265 2827 376 2886 diceret,
395 2841 434 2885 se,
453 2824 568 2888 quamvis
588 2823 695 2885 injurias
736 2840 773 2884 σε,
784 2823 822 2872 καὶ
833 2824 900 2873 ἐννέα
911 2825 971 2880 βοῦς
982 2822 1092 2888 ἱέρευσεν·
1102 2825 1171 2872 Ἀλλ’
1182 2824 1223 2873 the
1233 2825 1263 2882 aa

166 2903 215 2950 sibi
227 2915 318 2964 graves
330 2901 362 2950 ab
381 2902 421 2950 his
439 2901 484 2963 qui
502 2913 559 2948 curo
577 2899 695 2947 exercitu
736 2899 823 2958 δεκάτη
834 2899 909 2963 ἐφάνη
919 2899 1148 2965 mutasses,
1156 2899 1263 2950 [latebre

167 2983 293 3026 venerant
321 2976 347 3023 iu
372 2973 555 3024 Laomedontis
579 2987 645 3022 nece
668 2980 695 3022 et
735 2994 774 3036 μιν
785 2977 878 3039 ἐρέεινε,
889 2977 928 3026 eol
938 2976 994 3044 ᾔτεε
1004 2977 1069 3036 σῆμα
1082 2974 1228 3038 idiotam,
1238 2995 1264 3024 τι

166 3053 322 3102 abductione
337 3051 458 3098 Hesiona
471 3047 631 3112 pertulisset,
643 3061 695 3097 om·
736 3051 765 3113 ρά
783 3053 806 3101 ol
822 3056 938 3117 γαμβροῖο
956 3052 1018 3116 παρὰ
1034 3051 1144 3115 Προίτοιο
1161 3049 1264 3114 φέροιτο.

167 3129 210 3176 nie
224 3135 310 3176 iernen
327 3139 400 3188 reqoo
418 3126 502 3172 animo
519 3138 662 3187 passurum,
675 3124 697 3172 si
737 3129 856 3178 ‘Novem
873 3129 929 3178 dies
949 3129 1095 3189 hospitatus
1113 3134 1161 3186 est,
1176 3134 1203 3174 et
1221 3141 1266 3174 no-

167 3203 283 3262 Hesiona
294 3202 318 3250 ei
331 3199 501 3250 redderetur:
738 3204 880 3252 vembores
890 3203 1056 3250 sacrificavit:
1067 3201 1117 3249 Sed
1127 3214 1185 3248 com
1194 3200 1264 3248 deei-

199 3287 211 3311 ²
229 3279 277 3326 Die
287 3282 380 3340 quarto,
388 3275 442 3338 irc]
465 3274 582 3325 Observa
594 3287 698 3334 morem,
737 3291 779 3325 mo
789 3276 910 3339 apparuit
921 3275 1001 3324 roseis
1010 3273 1099 3338 digitis
1110 3273 1220 3335 Aurora,
1229 3275 1265 3324 Et

168 3369 219 3420 quo
233 3355 313 3416 legati
325 3359 352 3402 et
364 3352 407 3401 alii
421 3351 517 3416 quique
529 3364 576 3414 per
588 3349 641 3398 dies
652 3351 698 3398 ali·
737 3351 804 3400 hunc
816 3351 899 3414 ipsum
911 3348 1091 3413 interrogavit,
1102 3355 1131 3397 et
1143 3349 1223 3410 petiit
1234 3349 1265 3396 li-

168 3437 232 3494 quot
243 3429 268 3476 in
282 3428 357 3477 domo
368 3429 498 3490 hospitum
511 3425 645 3484 sedebant,
654 3439 698 3474 an·
737 3435 806 3477 teras
818 3427 915 3489 videre,
925 3426 1108 3488 Quascumque
1123 3424 1173 3486 ipsi
1190 3439 1205 3472 a
1222 3438 1266 3487 ge·

167 3515 272 3568 tequam
294 3502 327 3550 de
354 3502 467 3552 adventu
493 3515 540 3550 suo
562 3500 698 3565 quiequam
737 3517 802 3552 nero
812 3503 902 3551 Proeto
914 3499 1013 3549 ferret)

169 3583 355 3643 proponerent,
376 3569 477 3626 scilicet
499 3585 528 3625 ut
548 3576 581 3624 ab
599 3577 700 3625 itineris
769 3577 780 3610 h
799 3576 887 3626 Graios
905 3575 1033 3639 pensare]
1055 3572 1108 3624 Sed
1127 3571 1154 3622 id
1174 3587 1207 3622 ex
1226 3585 1266 3622 re-

168 3649 698 3712 laborerecrearentor:uincinrenigen·
737 3651 876 3716 questibus
887 3649 978 3699 fulsum
990 3658 1039 3698 est.
1073 3646 1266 3698 Andisendom

170 3731 218 3779 dus
228 3727 335 3790 Esdras,
344 3741 406 3776 vrrr.
418 3732 458 3776 32.
470 3743 474 3750 ·
493 3727 537 3775 Kal
547 3727 650 3787 ἤλθομεν
666 3725 699 3776 eis
737 3737 786 3785 est,
797 3729 836 3778 ita
845 3733 940 3790 sponte
951 3739 998 3774 sna
1007 3724 1165 3774 Antenorem
1176 3725 1269 3772 menti·

170 3804 323 3868 Ἰερουσαλὴμ
338 3802 377 3850 καὶ
389 3801 534 3862 'eradicasse
550 3804 600 3852 ἐκεῖ
612 3801 698 3864 ἡμέρας
735 3813 790 3855 tom
802 3819 867 3860 esse,
876 3809 905 3852 ut
915 3802 963 3851 sibi
975 3801 1075 3850 facilius
1086 3799 1203 3848 Hesiona
1214 3805 1266 3847 tre·

169 3886 238 3947 τρεῖς,
272 3881 318 3930 Καὶ
329 3879 471 3944 ἐγενήθητῇ
487 3879 697 3944 ἡμέρροῄτετόρ·
737 3881 861 3930 deretur?
876 3876 1110 3940 ancorrigendnm
1123 3874 1266 3936 ‘'lrojanos

169 3977 200 4024 ηρ
213 3955 380 4017 ἔονήοαμεντδ
390 3953 498 4019 ἀργύριον
506 3955 582 4004 ealrb
592 3956 699 4020 xperior,
738 3953 943 4020 postulare,’&c.
1026 3991 1029 3997 .

171 4039 221 4084 &a
255 4035 310 4082 ‘Et
330 4033 447 4082 venimus
467 4033 493 4080 in
512 4033 659 4083 ,ismaelem
670 4039 698 4080 et
770 4024 1266 4093 ‘quaodluocpertirereudreoidrtutl

171 4110 206 4159 ibi
216 4109 326 4159 sedimus
336 4109 390 4158 dies
398 4114 460 4158 tres.
472 4108 522 4158 Die
530 4114 616 4158 autern
626 4123 698 4172 quar·
739 4107 834 4156 Peleos
854 4105 922 4153 enim
945 4099 1028 4151 irater
1047 4107 1105 4150 erat
1121 4101 1266 4150 Telamonis

172 4195 199 4236 to
211 4199 299 4234 aurum
310 4190 337 4234 et
349 4189 483 4248 arpentum
501 4183 700 4244 collocavimus:
741 4183 783 4246 qui
795 4180 934 4230 Hesionam
947 4173 1062 4226 tenebat.

172 4267 221 4314 &c
237 4261 280 4314 Sic
294 4259 368 4310 Hom.
379 4259 412 4309 ll.
428 4265 453 4308 z.
471 4259 503 4309 de
515 4258 698 4332 Bellerophon·
743 4271 745 4276 ·
788 4291 792 4298 .
