3178 4948
282 353 347 420 152
637 367 801 418 ororroe
824 368 1030 420 caurensis

283 511 404 578 differri
420 529 486 574 non
502 513 613 593 potest
624 531 634 590 3
645 530 752 595 neque
766 510 844 576 finis
854 511 1002 576 bellandi
1016 509 1084 590 liet,
1092 511 1177 594 quin
1194 517 1253 578 aut
1265 525 1383 578 omues

284 612 429 678 Graeciae
444 611 559 688 donee,
573 612 632 695 qui
648 612 770 694 singuli
788 613 832 678 ad
852 613 1031 678 eruendam
1047 606 1218 678 ciuitatem
1234 621 1383 680 vestram

283 715 366 779 satie
381 714 493 778 idonei
509 721 597 791 sunt,
621 721 759 779 mortem
776 713 933 791 obierint,
951 719 1020 792 out,
1033 715 1127 798 quod
1152 717 1259 798 magis
1281 735 1385 799 spero

284 815 435 892 confore,
452 819 552 897 cepto
567 813 646 890 llio,
662 822 875 897 crematoque
892 816 987 898 igni,u
1012 817 1159 898 posteris
1172 817 1297 880 etiumv
1320 817 1385 884 iro-.-

284 917 422 1000 pietatis
440 915 628 998 exemplum
650 923 770 980 vestrae
794 916 1009 1000 relinquatur.
1054 914 1279 999 Quapropter,
1301 917 1384 982 dum

275 1019 393 1082 adbuc
410 1038 462 1080 res
477 1019 607 1097 integre
621 1017 654 1080 in
668 1019 823 1082 manibus
835 1017 959 1082 vobis⁹
973 1025 1036 1093 est,
1049 1019 1150 1081 etiam
1166 1023 1267 1100 atque
1282 1017 1384 1080 etiam

282 1117 478 1202 providete!
521 1116 605 1196 [23]
629 1117 813 1199 Postquam
829 1118 928 1182 finem
943 1118 1122 1201 loquemur
1146 1117 1238 1193 lecit,
1253 1137 1382 1198 magno.

283 1221 416 1284 silentio
432 1221 573 1295 cunctis,
588 1225 625 1284 ut
651 1221 684 1284 ln
708 1221 768 1284 teli
781 1221 914 1302 negotio
929 1220 1113 1292 fieri‘solet,
1136 1221 1277 1288 alienam
1306 1239 1384 1284 sene

283 1323 423 1399 tentiam
452 1322 723 1402 expectantibus,
748 1341 824 1387 cum
853 1342 890 1386 se
919 1322 1062 1405 quisque
1090 1321 1200 1385 minus
1225 1321 1384 1394 idoneum

284 1428 480 1486 auctoremw
492 1420 651 1499 crederet,
668 1421 843 1486 Panthus*
858 1423 951 1486 clara
967 1429 1082 1488 vocez²
1099 1419 1212 1505 ‘Apud
1221 1421 1306 1498 eos,'
1320 1422 1384 1498 ait,

285 1529 295 1560 ‘
307 1522 446 1604 Ulysse,
470 1523 573 1591 verbo
594 1521 694 1599 facie,
715 1523 865 1604 quibus-l
887 1527 1010 1604 praeter
1028 1523 1233 1588 voluntatem
1255 1523 1384 1593 mederi

285 1625 386 1688 rebus
400 1630 554 1706 potestas
567 1623 660 1686 nulla
674 1623 743 1686 est?
766 1622 855 1688 Dein
871 1628 1034 1705 posteum
1044 1621 1213 1690 Antenor:
1228 1621 1383 1701 ‘Omuitu

285 1743 363 1807 quae
374 1759 376 1764 ,
388 1729 573 1789 memorata
588 1744 609 1788 a
623 1725 721 1788 vobis
737 1730 825 1795 sunt,
840 1725 986 1790 scientes
1001 1723 1251 1807 prudentesque
1272 1727 1384 1807 patie-

286 1845 359 1888 mur
371 1833 400 1888 :3
424 1845 533 1908 neque
550 1826 706 1890 voluntas
722 1825 944 1890 consulendi*
966 1811 1074 1902 abest,
1090 1827 1118 1889 si
1134 1831 1286 1907 potestas
1302 1844 1386 1890 con-¹

285 1926 469 1992 cederetur.
513 1926 594 2006 Sed,
620 1935 659 1991 ut
687 1927 821 2005 videbe,
848 1948 986 2006 summae
1010 1929 1059 1991 rei
1082 1929 1139 1992 alii
1165 1930 1385 2011 potiuntur,⁵⁸

286 2029 407 2110 quibus
424 2028 594 2112 cupiditas
616 2029 760 2092 utilitate
775 2028 885 2110 potior
899 2025 972 2092 est.'
1018 2027 1107 2106 Quae
1130 2029 1189 2092 ubi
1210 2029 1384 2107 disseruit,

286 2149 369 2194 mox
385 2148 446 2213 per
460 2129 606 2206 ordinem
623 2149 740 2193 omnes
756 2128 815 2213 qui
828 2130 872 2194 ob
888 2129 1072 2194 amicitiam
1097 2130 1233 2206 Priami,
1255 2125 1383 2213 quique

285 2230 438 2294 mercede
450 2230 611 2294 conducti
623 2231 817 2294 auxiliarem
832 2230 1014 2294 exercitum
1030 2230 1206 2309 duxerant,
1217 2231 1384 2296 introduci

737 2392 920 2414 ΟΜΝΝΝΝ

285 2490 392 2540 monito
402 2497 446 2540 ert.
448 2497 493 2539 —l
506 2491 601 2554 Delpb.
607 2491 714 2540 dicendi.
716 2496 765 2541 -2
777 2492 820 2540 Ita
832 2491 912 2540 virum
924 2498 964 2541 ert
975 2491 1126 2541 Obrechto'
1120 2497 1303 2556 interpungere
1313 2493 1382 2543 hunc

285 2555 381 2614 iocum,
399 2569 458 2604 cum
469 2556 546 2616 vulgo
558 2555 690 2616 ederetur,
706 2556 739 2604 P.
750 2572 771 2604 o.
782 2572 805 2604 o.
815 2558 877 2620 opud
888 2555 980 2617 enauit,
1000 2563 1028 2605 er
1045 2557 1081 2606 eie
1103 2557 1198 2618 Delph.
1214 2565 1241 2606 et
1257 2557 1329 2618 pejus
1349 2557 1383 2606 ab

288 2620 355 2678 aliie,
373 2590 408 2668 P.
427 2621 490 2680 apud
510 2633 548 2666 eor
567 2620 632 2667 eluro
651 2634 706 2668 core
721 2619 813 2669 uit-8
832 2620 955 2681 Vinding.
977 2620 1115 2682 legendum
1140 2627 1215 2682 potat
1234 2621 1382 2678 potimur.-

286 2688 303 2732 l
314 2682 384 2732 Ante
395 2682 529 2732 conrulendi
541 2683 630 2731 inserit
642 2681 736 2746 Delplr.
747 2682 812 2732 bene.
814 2688 861 2732 -t
879 2683 974 2748 Delpb.
983 2683 1107 2747 potiuntur
1117 2685 1162 2734 illi.
1163 2689 1211 2732 -b
1222 2685 1318 2748 Delph.
1328 2700 1381 2734 orar-

779 2828 886 2880 NOTAE
994 2859 997 2868 ·

320 2932 332 2957 ¹¹
348 2924 417 2986 Igni]
441 2921 564 2986 Antique,
583 2937 630 2985 pro
646 2922 739 2986 ‘igue’
774 2924 815 2974 lta
855 2923 1051 2988 fuit,ductaque
1063 2939 1142 2974 uxore
1152 2925 1291 2986 Pronome,
1303 2925 1384 2990 Clytii

288 2999 381 3050 ‘colli'
398 3014 445 3062 pro
461 2998 560 3048 ‘colle'
593 3001 698 3049 Lucret.
717 2999 814 3064 ‘parti’
855 2999 916 3062 tilia,
935 3001 1148 3064 Polydamantem
1161 3001 1293 3062 suscepit3
1310 3001 1384 3064 cujus

288 3081 431 3141 properie.
448 3075 503 3124 Cic
857 3077 1019 3140 prudentiam
1040 3084 1067 3124 et
1085 3074 1229 3124 tirturorum
1248 3074 1383 3124 scientiam

320 3151 570 3215 'Posterieett'mnj‘
579 3150 697 3200 Etirm’‘
686 3152 815 3214 jungide-
856 3167 928 3216 raepe
945 3152 1033 3201 laudet
1050 3152 1158 3201 Homer.
1188 3148 1249 3200 Vid.
1261 3149 1383 3200 Eurtntb.

287 3228 401 3278 beleum
413 3229 542 3290 porteris.
559 3228 654 3277 ‘etiam
672 3229 800 3291 porteris!
857 3228 928 3276 Serv.

241 3349 243 3352 .
320 3305 410 3352 'cem
420 3317 634 3366 senmourmae
643 3305 752 3354 adoneum
762 3319 816 3355 oec—
888 3311 900 3345 r
921 3301 1180 3366 mesericordes]
1198 3299 1229 3349 ld
1241 3306 1292 3362 ert,
1304 3255 1385 3349 rerba

287 3379 374 3442 torem]
392 3377 636 3442 Hocitrintellige3
648 3393 741 3428 comte
751 3382 816 3451 quir·
858 3375 923 3432 facia
934 3378 1004 3440 apud
1016 3393 1060 3427 eoa
1077 3377 1168 3442 quibua
1185 3377 1254 3424 nulia
1268 3381 1386 3438 potestas

288 3471 339 3520 que
351 3455 434 3503 minue
444 3451 565 3501 idoneum
578 3454 708 3510 crederet,
717 3457 761 3520 qui
773 3457 816 3504 bn·
858 3459 898 3502 ert
916 3453 991 3502 rebor
1010 3453 1118 3513 mederi,
1135 3457 1231 3514 preter
1249 3451 1328 3498 roiam
1340 3465 1385 3500 uo·

286 3530 330 3594 jue
342 3530 382 3576 rel
397 3528 464 3576 illiue
476 3527 514 3574 rei
531 3534 620 3577 auctor
637 3536 715 3583 erret.
749 3529 818 3580 Gall.
857 3528 993 3578 inormem.
1010 3527 1086 3580 Quod
1098 3541 1157 3576 mor
1169 3525 1302 3575 Antenor:
1314 3527 1322 3554 ⁴
1332 3525 1385 3574 Ne-

291 3604 389 3653 cnecon
407 3615 437 3650 ne
455 3615 480 3650 ae
498 3607 595 3664 crepant
614 3617 657 3664 por
677 3605 772 3667 capable
790 3608 819 3654 de
857 3618 908 3668 que
919 3605 1037 3652 voluntat
1048 3601 1196 3652 consulendi
1207 3601 1291 3662 abeat,
1305 3600 1327 3650 ai
1337 3615 1402 3665 po·.

290 3681 379 3728 donner
389 3691 431 3725 ron
442 3676 501 3736 uuir,
517 3679 546 3724 de
556 3678 646 3725 donner
656 3679 761 3728 currerit.¹
858 3683 939 3726 terrae
950 3675 1154 3726 concederetur?

268 3793 272 3799 .
321 3761 335 3788 ¹
344 3751 466 3813 Pantitae]
476 3750 555 3800 Filius
565 3751 706 3814 Euphorbi,
719 3755 756 3804 eit
765 3756 818 3804 Da·
891 3750 1012 3800 'damme
1021 3751 1056 3800 rei
1067 3748 1252 3812 uliipotirratur]
1264 3749 1385 3812 Optime:

289 3845 341 3880 rer.
374 3819 671 3891 Deqneipreviderit3
688 3839 817 3880 namenm
859 3829 901 3878 Sic
929 3827 1030 3890 ‘potiri
1050 3825 1183 3875 bostium'
1210 3825 1276 3874 dixit
1296 3826 1385 3876 Plout.

279 3905 385 3968 ¹llirgil.
405 3901 581 3966 orturyedem
600 3901 672 3951 dicit.
711 3904 762 3952 Hic
782 3906 817 3954 A·
856 3905 959 3953 ‘Potiri
972 3900 1252 3952 Ardrrrbalir'Sulluat.
1274 3901 1387 3951 ‘Galliae

289 3980 391 4048 pollinis
410 3977 530 4041 Delphici
551 3977 673 4026 sacerdot
688 3977 756 4040 iuit3
772 3982 818 4032 red
858 3977 949 4042 potiri'
968 3979 1064 4038 Caeeer,
1082 3977 1127 4025 red
1146 3975 1209 4024 illud
1229 3977 1318 4040 utique
1339 3991 1387 4040 per

288 4059 362 4106 illum
372 4054 440 4103 filiae
451 4052 592 4102 Antenoris
604 4053 699 4116 rapuit,
715 4069 730 4102 u
745 4057 817 4106 Pria·
857 4053 983 4116 Ellipaim.
1016 4052 1226 4115 subintelligitur
1237 4053 1304 4100 enim
1316 4053 1388 4104 abla-

291 4145 334 4180 mo
345 4129 459 4190 Delpboa
470 4128 570 4185 missus,
581 4134 607 4176 et
624 4129 656 4177 ad
672 4128 747 4178 llirrm
758 4146 816 4194 per·
857 4129 935 4192 tirus,
947 4127 1064 4193 imperio,
1076 4143 1164 4192 regno,
1175 4128 1216 4178 vel
1228 4127 1327 4178 similis.

291 4205 382 4265 durit3
398 4203 441 4253 ubi
457 4202 535 4252 etiam
553 4201 679 4266 Apollinis
696 4207 816 4256 aecer-dor
