3136 4948
316 414 362 498 60
577 438 657 494 rao.
681 435 874 491 uuarzorur
898 435 1149 490 mssuarrrro

317 591 474 678 epistolae
489 597 627 658 auctore
641 595 677 656 et
689 587 800 674 operis
807 580 908 674 hujus
916 587 1107 673 interprete,
1120 589 1334 674 reperiunda,
1347 589 1420 656 'seu

318 692 353 760 iu
366 685 669 775 declarando,quis
682 691 781 756 luerit
795 689 853 754 ille
867 689 1062 774 Septimius,
1073 697 1109 755 et
1118 691 1265 774 -qtraudo
1277 692 1416 775 proprie

318 795 458 862 vixerit..
498 793 603 858 Nulla
623 793 785 857 habemus
807 791 963 874 vestigia,
977 808 1056 874 quse
1071 793 1106 856 in
1121 811 1162 856 eo
1175 792 1365 875 indagando
1381 797 1418 855 et

317 896 463 962 eruendo
481 911 669 978 sequemur,
682 889 747 958 uisi
767 913 843 976 quae
856 893 953 956 nobis
964 910 1028 957 una
1051 896 1063 928 ‘
1073 891 1117 970 Q.
1133 891 1254 960 Aradii
1276 887 1420 958 Rufini?

317 998 441 1063 mentio
453 995 594 1079 praebet.
640 993 692 1058 Ea
706 993 794 1057 enim
810 991 885 1057 sola
901 993 952 1056 uti
965 991 1129 1058 debemus
1145 993 1190 1058 ad
1205 993 1416 1058 construent

317 1098 397 1162 dam
413 1097 569 1180 Septimii
581 1101 730 1161 aetatem.
772 1093 842 1160 Sed
857 1095 950 1158 illius
970 1109 1105 1178 quoque
1131 1100 1217 1160 ester
1229 1090 1416 1178 aliquantis

316 1198 386 1264 lum
401 1199 541 1276 ineerta,
568 1197 648 1280 quia
669 1197 782 1280 plures
805 1197 937 1261 fuerunt
959 1197 1058 1262 istius
1080 1193 1226 1260 nominis
1247 1197 1416 1260 hommes

318 1298 396 1364 Nec
412 1299 512 1376 euim,
527 1299 618 1382 quod
632 1295 708 1361 Viri
719 1298 814 1362 docti
827 1295 985 1362 videntur
996 1295 1223 1374 existimasse,
1238 1313 1329 1360 uuus
1336 1293 1414 1375 tuit,

318 1409 353 1464 et
367 1400 510 1484 qui'jam
535 1400 599 1463 sub
619 1398 831 1464 Diocletiano
856 1397 1164 1462 Praeleotrts-Urbis
1179 1395 1415 1481 pumuntur,

317 1508 353 1564 et
368 1502 425 1585 qui
443 1513 508 1564 ux.
524 1496 622 1566 anuis
639 1506 718 1582 post
732 1500 775 1562 ab
786 1498 809 1563 J
811 1499 927 1563 uliano
941 1497 1051 1563 iaetus
1065 1502 1116 1562 est
1127 1496 1252 1563 Comes
1266 1497 1416 1564 Orientis

317 1595 407 1684 apud
437 1599 650 1665 Ammianum
681 1599 915 1666 Marcellinum
941 1601 1000 1664 lib.
1016 1615 1138 1663 xxm.
1166 1599 1241 1663 init.
1285 1597 1417 1683 Neque

276 1725 292 1739 ⁹
317 1703 416 1766 etiam
431 1707 559 1784 putem,
576 1700 739 1776 Aradium
761 1702 849 1766 nunc
865 1697 1023 1765 Rufinum
1036 1715 1115 1765 esse
1133 1701 1227 1768 illum
1247 1701 1283 1764 in
1308 1701 1417 1784 Lapi-

317 1799 418 1868 dibus
432 1809 653 1866 memoratum
667 1799 736 1880 ⁴0.
751 1797 914 1866 Aradium
929 1801 1090 1866 Rufinum
1098 1801 1269 1866 Valerium
1284 1801 1415 1866 Procu-

315 1902 406 1980 lum,’
428 1908 467 1966 ut
488 1907 603 1966 censet
629 1900 792 1966 onustius
818 1903 852 1966 in
876 1901 993 1966 Fastis
1018 1902 1062 1966 ad
1076 1900 1211 1968 Annum
1242 1907 1416 1966 uaxvm:

317 2021 417 2086 quem
431 2003 590 2068 tamenin
604 1989 842 2085 adsequuntur
862 2017 991 2079 omneS,
1007 2021 1092 2084 quos
1112 2002 1194 2066 vidia
1240 2001 1329 2068 Nem
1351 2003 1414 2068 ille

315 2101 417 2169 uuloo
442 2102 657 2181 nominaret
681 2104 816 2187 paucis,
830 2101 863 2166 si
891 2101 1129 2186 designaretur,
1156 2102 1318 2167 dicendus
1339 2109 1414 2170 erat

313 2203 527 2288 potissimam
550 2203 733 2269 ‘Valerius
757 2203 947 2280 Proculus,'
967 2205 1021 2270 vel
1045 2208 1176 2270 tantum
1198 2203 1416 2282 ‘Protulera’

314 2302 407 2371 moro
433 2301 533 2372 istius
556 2307 727 2392 temporis,
743 2323 811 2387 quo
834 2306 878 2368 ex
895 2303 1047 2386 plurimis
1071 2305 1263 2368 nominibus
1278 2305 1416 2388 semper

313 2408 435 2472 ultimo
448 2407 607 2484 maxime,
622 2414 783 2490 tanquam
803 2405 868 2470 sibi
882 2405 1092 2489 potissimum
1114 2405 1272 2491 proprio,'
1291 2407 1416 2488 appel·

302 2507 471 2572 'labantur
503 2507 663 2571 homines.
708 2507 763 2573 Ita
787 2505 1053 2590 Imperator-‘Ia
1079 2505 1232 2572 Messius
1260 2505 1414 2584 Quintus

313 2607 480 2690 Trajauus
496 2605 646 2684 Decius:
668 2607 712 2670 ab
733 2606 900 2683 omnibus,
914 2605 1085 2670 Trebellio
1107 2605 1273 2685 Pollione,
1288 2607 1416 2674 uuum*

313 2707 384 2790 pio,
398 2705 547 2785 Victore,
567 2705 699 2784 Oresio,
723 2705 875 2788 Sulpicio
900 2705 1039 2784 Severo,
1054 2709 1115 2772 &a
1135 2709 1266 2790 passim
1279 2704 1415 2792 simplis

313 2807 422 2872 oiter‘
431 2806 582 2885 Decius,'
595 2807 652 2870 vel
667 2805 1014 2890 ‘'ltejauus'Deoius’
1024 2807 1158 2874 dieitur.
1200 2808 1284 2894 Ejus
1299 2815 1414 2876 autem

314 2908 386 2974 siu'e
413 2907 515 2985 filius,
543 2908 614 2972 sive
642 2926 756 2989 gener,
780 2905 844 2971 ‘0.
859 2907 990 2972 Valens
1015 2907 1230 2973 Hostilianas
1259 2907 1413 2975 Messius

314 3007 483 3086 Quintus,’
502 3008 701 3092 simpliciter
715 3008 905 3088 ‘Quintus'
921 3011 1028 3100 ¹sicuti
1049 3007 1203 3092 Auguste
1216 3011 1308 3074 illius
1322 3017 1413 3076 tem-

312 3109 406 3193 poris
435 3108 570 3174 ‘Gneea
595 3110 675 3174 Seia
699 3109 873 3175 Herennia
900 3109 1064 3176 Sallustio
1085 3111 1212 3176 Barbia
1238 3107 1413 3178 Orbiaua'

312 3209 947 3278 breviter‘BarbiaOrbiana'vocatua
970 3209 1085 3276 Sedet
1097 3211 1413 3297 hioipse‘Q.llrt⁴

311 3309 390 3380 dius
406 3311 550 3379 Rufinus
566 3310 927 3378 Valerius'Prooulus'
948 3312 985 3375 in
1005 3331 1146 3396 corpore
1167 3314 1245 3396 ipso
1265 3315 1413 3398 inseripe

310 3413 462 3484 tionisrr.
485 3423 519 3498 p.
544 3411 620 3478 ³62.
648 3414 740 3498 apud
764 3412 944 3492 Gruterum
974 3414 1130 3480 omnibus
1150 3414 1286 3496 quidem
1310 3401 1411 3484 hisce

247 3533 249 3544 ·
309 3515 500 3583 nominibus
514 3513 564 3580 ita
576 3515 788 3597 exprimitur,
806 3513 987 3598 atrinsjm
1003 3513 1141 3596 fastigio
1156 3515 1247 3597 lapis
1265 3515 1331 3580 iste
1344 3537 1412 3606 pos
1456 3585 1464 3596 ,

310 3615 398 3678 situs
413 3615 565 3682 scribitur
579 3620 709 3679 tantum
722 3615 881 3682 ‘Valerio
896 3615 1042 3682 Proculo
1052 3614 1098 3680 V.
1109 3615 1149 3680 C.
1165 3616 1310 3682 Praesidi
1322 3617 1411 3686 Pro*

310 3713 432 3778 vinciae
444 3715 524 3780 Vel.
539 3713 747 3796 Byzacena?
774 3715 895 3800 Neque
904 3715 1000 3782 aliter
1014 3717 1074 3785 ‘Ia
1086 3716 1234 3784 Aradius
1245 3717 1412 3790 valerius

310 3813 503 3890 Proculus,’
522 3817 617 3898 apud
637 3816 817 3881 Gruterum
839 3837 874 3901 p.
887 3819 963 3883 361.
982 3818 1021 3882 in
1043 3817 1175 3884 duobus
1187 3815 1411 3892 ‘carminibus

309 3917 429 4000 majori
450 3917 559 3996 titulo,
575 3918 635 4000 qui
657 3930 771 3982 omues
794 3919 866 4004 ejus
887 3919 1030 3985 honores
1052 3921 1209 3999 continet,
1229 3921 1412 4005 subjectis,

310 4026 442 4086 tanturn
467 4023 479 4056 ‘
489 4018 673 4090 Proculus'
687 4019 821 4088 dieitur.
864 4019 956 4103 'Quae
976 4023 1055 4104 ipsa
1067 4022 1217 4086 carmina
1237 4023 1339 4088 etiam
1361 4015 1409 4090 ad

310 4117 357 4198 Q.
379 4117 438 4191 Ar.
468 4117 551 4186 Rus.
572 4117 652 4184 Vel.
678 4119 855 4212 Proculum
876 4121 1035 4188 Onufrius
1059 4123 1148 4187 male
1170 4123 1297 4202 retulit,
1311 4125 1409 4200 lieet

310 4219 341 4288 is
355 4219 492 4306 Consul,
505 4227 596 4300 certe
608 4219 805 4304 ordinarius,
819 4235 988 4308 uunquam
1000 4223 1109 4291 fuisse
1122 4223 1284 4294 uideatur.
