<?xml version="1.0" encoding="UTF-8"?>
<!DOCTYPE html PUBLIC "-//W3C//DTD XHTML 1.0 Transitional//EN"
    "http://www.w3.org/TR/xhtml1/DTD/xhtml1-transitional.dtd">
<html xmlns="http://www.w3.org/1999/xhtml" xml:lang="en" lang="en">
 <head>
  <title>
</title>
<meta http-equiv="Content-Type" content="text/html;charset=utf-8" />
  <meta name='ocr-system' content='tesseract 3.04.00' />
  <meta name='ocr-capabilities' content='ocr_page ocr_carea ocr_par ocr_line ocrx_word'/>
</head>
<body>
  <div class='ocr_page' id='page_1' title='image "./dictyscretensis00dresgoog_0238.png"; bbox 0 0 3152 4950; ppageno 0'>
   <div class='ocr_carea' id='block_1_1' title="bbox 477 365 1293 430">
    <p class='ocr_par' dir='ltr' id='par_1_1' title="bbox 477 365 1293 430">
     <span class='ocr_line' id='line_1_1' title="bbox 477 365 1293 430; baseline 0.004 -3"><span class='ocrx_word' id='word_1_1' title='bbox 477 381 526 428; x_wconf 83' lang='lat' dir='ltr'><strong>uu</strong></span> <span class='ocrx_word' id='word_1_2' title='bbox 550 380 669 427; x_wconf 83' lang='lat' dir='ltr'><strong>unuuo</strong></span> <span class='ocrx_word' id='word_1_3' title='bbox 692 379 864 428; x_wconf 79' lang='lat' dir='ltr'><strong>unornno</strong></span> <span class='ocrx_word' id='word_1_4' title='bbox 888 382 960 429; x_wconf 83' lang='lat' dir='ltr'><strong>ura.</strong></span> <span class='ocrx_word' id='word_1_5' title='bbox 985 382 1033 428; x_wconf 86' lang='grc' dir='ltr'><strong>ιν.</strong></span> <span class='ocrx_word' id='word_1_6' title='bbox 1227 365 1293 430; x_wconf 69' lang='lat'><strong>229</strong></span> 
     </span>
    </p>
   </div>
   <div class='ocr_carea' id='block_1_2' title="bbox 197 520 1292 808">
    <p class='ocr_par' dir='ltr' id='par_1_2' title="bbox 197 520 1292 808">
     <span class='ocr_line' id='line_1_2' title="bbox 197 520 1292 607; baseline 0 -21"><span class='ocrx_word' id='word_1_7' title='bbox 197 525 284 594; x_wconf 87' lang='lat' dir='ltr'><strong>iuter</strong></span> <span class='ocrx_word' id='word_1_8' title='bbox 292 523 412 606; x_wconf 86' lang='lat' dir='ltr'><strong>epulas</strong></span> <span class='ocrx_word' id='word_1_9' title='bbox 422 520 692 607; x_wconf 84' lang='lat' dir='ltr'><strong>primas,⁴jnreni</strong></span> <span class='ocrx_word' id='word_1_10' title='bbox 702 524 805 605; x_wconf 90' lang='lat' dir='ltr'><strong>patris</strong></span> <span class='ocrx_word' id='word_1_11' title='bbox 818 521 920 586; x_wconf 83' lang='lat' dir='ltr'><strong>sortia</strong></span> <span class='ocrx_word' id='word_1_12' title='bbox 929 521 1078 586; x_wconf 77' lang='lat' dir='ltr'><strong>facinore</strong></span> <span class='ocrx_word' id='word_1_13' title='bbox 1087 537 1292 599; x_wconf 80' lang='lat' dir='ltr'><strong>enumerare,</strong></span> 
     </span>
     <span class='ocr_line' id='line_1_3' title="bbox 197 621 1290 716; baseline -0.003 -27"><span class='ocrx_word' id='word_1_14' title='bbox 197 621 420 705; x_wconf 84' lang='lat' dir='ltr'><strong>virtutemque</strong></span> <span class='ocrx_word' id='word_1_15' title='bbox 433 623 508 706; x_wconf 88' lang='lat' dir='ltr'><strong>ejus</strong></span> <span class='ocrx_word' id='word_1_16' title='bbox 523 621 809 716; x_wconf 83' lang='lat' dir='ltr'><strong>commemorando</strong></span> <span class='ocrx_word' id='word_1_17' title='bbox 831 621 946 686; x_wconf 80' lang='lat' dir='ltr'><strong>efferre</strong></span> <span class='ocrx_word' id='word_1_18' title='bbox 964 621 1143 688; x_wconf 80' lang='lat' dir='ltr'><strong>laudibus:</strong></span> <span class='ocrx_word' id='word_1_19' title='bbox 1166 622 1290 706; x_wconf 85' lang='lat' dir='ltr'><strong>quibus</strong></span> 
     </span>
     <span class='ocr_line' id='line_1_4' title="bbox 197 723 1292 808; baseline 0.001 -21"><span class='ocrx_word' id='word_1_20' title='bbox 197 724 347 808; x_wconf 83' lang='lat' dir='ltr'>Pyrrhus</span> <span class='ocrx_word' id='word_1_21' title='bbox 364 743 429 787; x_wconf 92' lang='lat' dir='ltr'><strong>non</strong></span> <span class='ocrx_word' id='word_1_22' title='bbox 451 723 662 788; x_wconf 73' lang='lat' dir='ltr'><strong>mediocriter</strong></span> <span class='ocrx_word' id='word_1_23' title='bbox 684 723 783 786; x_wconf 72' lang='lat' dir='ltr'><strong>laetus</strong></span> <span class='ocrx_word' id='word_1_24' title='bbox 807 741 1049 805; x_wconf 85' lang='lat' dir='ltr'><strong>accensusque,</strong></span> <span class='ocrx_word' id='word_1_25' title='bbox 1070 723 1217 788; x_wconf 81' lang='lat' dir='ltr'><strong>uisurum</strong></span> <span class='ocrx_word' id='word_1_26' title='bbox 1231 731 1292 788; x_wconf 82' lang='lat' dir='ltr'><strong>se¹</strong></span> 
     </span>
    </p>
   </div>
   <div class='ocr_carea' id='block_1_3' title="bbox 194 822 1292 3126">
    <p class='ocr_par' dir='ltr' id='par_1_3' title="bbox 194 822 1292 3126">
     <span class='ocr_line' id='line_1_5' title="bbox 196 822 1292 907; baseline 0.002 -21"><span class='ocrx_word' id='word_1_27' title='bbox 196 825 288 887; x_wconf 87' lang='lat' dir='ltr'><strong>omui</strong></span> <span class='ocrx_word' id='word_1_28' title='bbox 311 843 377 906; x_wconf 93' lang='lat' dir='ltr'><strong>ope</strong></span> <span class='ocrx_word' id='word_1_29' title='bbox 400 824 598 904; x_wconf 81' lang='lat' dir='ltr'><strong>respoudit,5</strong></span> <span class='ocrx_word' id='word_1_30' title='bbox 622 841 691 907; x_wconf 90' lang='lat' dir='ltr'><strong>quo</strong></span> <span class='ocrx_word' id='word_1_31' title='bbox 712 839 753 885; x_wconf 90' lang='lat' dir='ltr'><strong>ue</strong></span> <span class='ocrx_word' id='word_1_32' title='bbox 774 822 929 906; x_wconf 83' lang='lat' dir='ltr'><strong>indiguus</strong></span> <span class='ocrx_word' id='word_1_33' title='bbox 944 822 1051 905; x_wconf 86' lang='lat' dir='ltr'><strong>patris</strong></span> <span class='ocrx_word' id='word_1_34' title='bbox 1064 822 1189 888; x_wconf 85' lang='lat' dir='ltr'><strong>meritis</strong></span> <span class='ocrx_word' id='word_1_35' title='bbox 1202 823 1292 888; x_wconf 81' lang='lat' dir='ltr'><strong>exis·</strong></span> 
     </span>
     <span class='ocr_line' id='line_1_6' title="bbox 196 912 1291 1006; baseline 0.001 -19"><span class='ocrx_word' id='word_1_36' title='bbox 196 925 294 988; x_wconf 85' lang='lat' dir='ltr'><strong>teret.</strong></span> <span class='ocrx_word' id='word_1_37' title='bbox 343 925 427 988; x_wconf 85' lang='lat' dir='ltr'>Dein</span> <span class='ocrx_word' id='word_1_38' title='bbox 450 924 493 987; x_wconf 93' lang='lat' dir='ltr'><strong>ad</strong></span> <span class='ocrx_word' id='word_1_39' title='bbox 508 943 573 988; x_wconf 91' lang='lat' dir='ltr'><strong>sua</strong></span> <span class='ocrx_word' id='word_1_40' title='bbox 586 925 729 1006; x_wconf 91' lang='lat' dir='ltr'><strong>quisque</strong></span> <span class='ocrx_word' id='word_1_41' title='bbox 743 923 886 987; x_wconf 85' lang='lat' dir='ltr'><strong>tentoria</strong></span> <span class='ocrx_word' id='word_1_42' title='bbox 901 912 1053 1006; x_wconf 84' lang='lat' dir='ltr'><strong>quietum</strong></span> <span class='ocrx_word' id='word_1_43' title='bbox 1063 924 1199 988; x_wconf 68' lang='lat' dir='ltr'><strong>absum.</strong></span> <span class='ocrx_word' id='word_1_44' title='bbox 1241 921 1291 988; x_wconf 79' lang='lat' dir='ltr'><strong>At</strong></span> 
     </span>
     <span class='ocr_line' id='line_1_7' title="bbox 196 1023 1292 1110; baseline 0.002 -22"><span class='ocrx_word' id='word_1_45' title='bbox 196 1030 334 1106; x_wconf 90' lang='lat' dir='ltr'><strong>postero</strong></span> <span class='ocrx_word' id='word_1_46' title='bbox 347 1024 401 1088; x_wconf 92' lang='lat' dir='ltr'><strong>die</strong></span> <span class='ocrx_word' id='word_1_47' title='bbox 413 1023 511 1110; x_wconf 85' lang='lat' dir='ltr'><strong>simul</strong></span> <span class='ocrx_word' id='word_1_48' title='bbox 523 1043 598 1088; x_wconf 90' lang='lat' dir='ltr'><strong>cum</strong></span> <span class='ocrx_word' id='word_1_49' title='bbox 609 1024 688 1087; x_wconf 91' lang='lat' dir='ltr'><strong>luce</strong></span> <span class='ocrx_word' id='word_1_50' title='bbox 694 1023 831 1106; x_wconf 88' lang='lat' dir='ltr'><strong>juvenis</strong></span> <span class='ocrx_word' id='word_1_51' title='bbox 842 1024 964 1088; x_wconf 85' lang='lat' dir='ltr'><strong>castris</strong></span> <span class='ocrx_word' id='word_1_52' title='bbox 975 1041 1141 1105; x_wconf 76' lang='lat' dir='ltr'><strong>egressus,</strong></span> <span class='ocrx_word' id='word_1_53' title='bbox 1152 1023 1292 1090; x_wconf 79' lang='lat' dir='ltr'><strong>offendit</strong></span> 
     </span>
     <span class='ocr_line' id='line_1_8' title="bbox 197 1121 1292 1206; baseline 0 -17"><span class='ocrx_word' id='word_1_54' title='bbox 197 1124 398 1189; x_wconf 83' lang='lat' dir='ltr'>Diomedem</span> <span class='ocrx_word' id='word_1_55' title='bbox 412 1143 488 1188; x_wconf 88' lang='lat' dir='ltr'><strong>cum</strong></span> <span class='ocrx_word' id='word_1_56' title='bbox 503 1123 649 1205; x_wconf 83' lang='lat' dir='ltr'><strong>Ulysse:</strong></span> <span class='ocrx_word' id='word_1_57' title='bbox 672 1141 758 1205; x_wconf 89' lang='lat' dir='ltr'><strong>quos</strong></span> <span class='ocrx_word' id='word_1_58' title='bbox 779 1123 959 1201; x_wconf 86' lang='lat' dir='ltr'><strong>salutatos,</strong></span> <span class='ocrx_word' id='word_1_59' title='bbox 974 1121 1054 1206; x_wconf 90' lang='lat' dir='ltr'><strong>qnid</strong></span> <span class='ocrx_word' id='word_1_60' title='bbox 1069 1142 1183 1190; x_wconf 77' lang='lat' dir='ltr'><strong>ceuste</strong></span> <span class='ocrx_word' id='word_1_61' title='bbox 1196 1125 1292 1204; x_wconf 81' lang='lat' dir='ltr'><strong>soret,</strong></span> 
     </span>
     <span class='ocr_line' id='line_1_9' title="bbox 195 1223 1292 1309; baseline 0.002 -19"><span class='ocrx_word' id='word_1_62' title='bbox 195 1223 452 1309; x_wconf 84' lang='lat' dir='ltr'><strong>percontatur:⁶</strong></span> <span class='ocrx_word' id='word_1_63' title='bbox 471 1225 572 1308; x_wconf 85' lang='lat' dir='ltr'>hique</span> <span class='ocrx_word' id='word_1_64' title='bbox 595 1225 699 1301; x_wconf 87' lang='lat' dir='ltr'><strong>aiunt,</strong></span> <span class='ocrx_word' id='word_1_65' title='bbox 723 1224 996 1306; x_wconf 73' lang='lat' dir='ltr'><strong>interponendam</strong></span> <span class='ocrx_word' id='word_1_66' title='bbox 1010 1224 1149 1288; x_wconf 76' lang='lat' dir='ltr'><strong>&#39;dierum</strong></span> <span class='ocrx_word' id='word_1_67' title='bbox 1162 1244 1292 1292; x_wconf 75' lang='lat' dir='ltr'><strong>momm</strong></span> 
     </span>
     <span class='ocr_line' id='line_1_10' title="bbox 196 1323 1291 1407; baseline 0 -17"><span class='ocrx_word' id='word_1_68' title='bbox 196 1325 242 1390; x_wconf 90' lang='lat' dir='ltr'><strong>ad</strong></span> <span class='ocrx_word' id='word_1_69' title='bbox 266 1326 462 1390; x_wconf 85' lang='lat' dir='ltr'><strong>reficiendos</strong></span> <span class='ocrx_word' id='word_1_70' title='bbox 486 1325 630 1389; x_wconf 89' lang='lat' dir='ltr'><strong>militum</strong></span> <span class='ocrx_word' id='word_1_71' title='bbox 656 1323 730 1407; x_wconf 89' lang='lat' dir='ltr'><strong>ejus</strong></span> <span class='ocrx_word' id='word_1_72' title='bbox 756 1325 899 1401; x_wconf 89' lang='lat' dir='ltr'><strong>animos,</strong></span> <span class='ocrx_word' id='word_1_73' title='bbox 920 1323 1018 1405; x_wconf 81' lang='lat' dir='ltr'><strong>longo</strong></span> <span class='ocrx_word' id='word_1_74' title='bbox 1046 1323 1163 1390; x_wconf 87' lang='lat' dir='ltr'><strong>itinere</strong></span> <span class='ocrx_word' id='word_1_75' title='bbox 1187 1327 1291 1390; x_wconf 83' lang='lat' dir='ltr'><strong>maris</strong></span> 
     </span>
     <span class='ocr_line' id='line_1_11' title="bbox 195 1425 1290 1509; baseline -0.001 -19"><span class='ocrx_word' id='word_1_76' title='bbox 195 1427 408 1509; x_wconf 79' lang='lat' dir='ltr'><strong>torpentibus</strong></span> <span class='ocrx_word' id='word_1_77' title='bbox 423 1425 526 1490; x_wconf 84' lang='lat' dir='ltr'><strong>etiam</strong></span> <span class='ocrx_word' id='word_1_78' title='bbox 542 1443 628 1488; x_wconf 87' lang='lat' dir='ltr'><strong>nunc</strong></span> <span class='ocrx_word' id='word_1_79' title='bbox 642 1425 811 1502; x_wconf 82' lang='lat' dir='ltr'><strong>membris,</strong></span> <span class='ocrx_word' id='word_1_80' title='bbox 823 1430 858 1489; x_wconf 90' lang='lat' dir='ltr'><strong>et</strong></span> <span class='ocrx_word' id='word_1_81' title='bbox 872 1425 917 1489; x_wconf 89' lang='lat' dir='ltr'><strong>ob</strong></span> <span class='ocrx_word' id='word_1_82' title='bbox 931 1425 966 1489; x_wconf 94' lang='lat' dir='ltr'><strong>id</strong></span> <span class='ocrx_word' id='word_1_83' title='bbox 981 1443 1192 1509; x_wconf 87' lang='lat' dir='ltr'><strong>nequaquam</strong></span> <span class='ocrx_word' id='word_1_84' title='bbox 1206 1425 1290 1490; x_wconf 86' lang='lat' dir='ltr'><strong>satis</strong></span> 
     </span>
     <span class='ocr_line' id='line_1_12' title="bbox 194 1524 1289 1610; baseline 0 -20"><span class='ocrx_word' id='word_1_85' title='bbox 194 1525 290 1590; x_wconf 81' lang='lat' dir='ltr'><strong>firmo</strong></span> <span class='ocrx_word' id='word_1_86' title='bbox 316 1527 402 1603; x_wconf 89' lang='lat' dir='ltr'><strong>nisu,</strong></span> <span class='ocrx_word' id='word_1_87' title='bbox 426 1533 465 1590; x_wconf 89' lang='lat' dir='ltr'><strong>ut</strong></span> <span class='ocrx_word' id='word_1_88' title='bbox 487 1525 615 1591; x_wconf 88' lang='lat' dir='ltr'><strong>solitis⁷</strong></span> <span class='ocrx_word' id='word_1_89' title='bbox 638 1525 763 1589; x_wconf 85' lang='lat' dir='ltr'><strong>viribus</strong></span> <span class='ocrx_word' id='word_1_90' title='bbox 788 1532 934 1608; x_wconf 82' lang='lat' dir='ltr'><strong>agerent.</strong></span> <span class='ocrx_word' id='word_1_91' title='bbox 987 1525 1071 1610; x_wconf 62' lang='lat'>[12]</span> <span class='ocrx_word' id='word_1_92' title='bbox 1098 1524 1220 1608; x_wconf 85' lang='lat' dir='ltr'><strong>Itaque</strong></span> <span class='ocrx_word' id='word_1_93' title='bbox 1244 1545 1289 1590; x_wconf 83' lang='lat' dir='ltr'><strong>ex</strong></span> 
     </span>
     <span class='ocr_line' id='line_1_13' title="bbox 195 1626 1289 1709; baseline 0 -19"><span class='ocrx_word' id='word_1_94' title='bbox 195 1645 306 1690; x_wconf 89' lang='lat' dir='ltr'><strong>eorum</strong></span> <span class='ocrx_word' id='word_1_95' title='bbox 317 1627 477 1692; x_wconf 85' lang='lat' dir='ltr'><strong>sententia</strong></span> <span class='ocrx_word' id='word_1_96' title='bbox 487 1627 624 1691; x_wconf 89' lang='lat' dir='ltr'><strong>biduum</strong></span> <span class='ocrx_word' id='word_1_97' title='bbox 637 1626 887 1709; x_wconf 74' lang='lat' dir='ltr'><strong>interpositum</strong></span> <span class='ocrx_word' id='word_1_98' title='bbox 901 1645 969 1709; x_wconf 90' lang='lat' dir='ltr'><strong>quo</strong></span> <span class='ocrx_word' id='word_1_99' title='bbox 979 1630 1159 1702; x_wconf 84' lang='lat' dir='ltr'><strong>trausacto,</strong></span> <span class='ocrx_word' id='word_1_100' title='bbox 1172 1645 1289 1690; x_wconf 86' lang='lat' dir='ltr'><strong>omues</strong></span> 
     </span>
     <span class='ocr_line' id='line_1_14' title="bbox 194 1727 1289 1812; baseline -0.002 -20"><span class='ocrx_word' id='word_1_101' title='bbox 194 1728 298 1792; x_wconf 87' lang='lat' dir='ltr'><strong>duees</strong></span> <span class='ocrx_word' id='word_1_102' title='bbox 322 1747 487 1812; x_wconf 79' lang='lat' dir='ltr'><strong>regesque</strong></span> <span class='ocrx_word' id='word_1_103' title='bbox 507 1729 578 1792; x_wconf 88' lang='lat' dir='ltr'><strong>suis</strong></span> <span class='ocrx_word' id='word_1_104' title='bbox 592 1728 734 1811; x_wconf 88' lang='lat' dir='ltr'><strong>quisque</strong></span> <span class='ocrx_word' id='word_1_105' title='bbox 747 1727 909 1792; x_wconf 84' lang='lat' dir='ltr'><strong>militibus</strong></span> <span class='ocrx_word' id='word_1_106' title='bbox 923 1727 1094 1792; x_wconf 90' lang='lat' dir='ltr'><strong>instructis</strong></span> <span class='ocrx_word' id='word_1_107' title='bbox 1108 1727 1289 1792; x_wconf 83' lang='lat' dir='ltr'><strong>exereitum</strong></span> 
     </span>
     <span class='ocr_line' id='line_1_15' title="bbox 195 1825 1291 1913; baseline -0.003 -21"><span class='ocrx_word' id='word_1_108' title='bbox 195 1829 361 1907; x_wconf 85' lang='lat' dir='ltr'><strong>ordinant,</strong></span> <span class='ocrx_word' id='word_1_109' title='bbox 376 1837 479 1913; x_wconf 87' lang='lat' dir='ltr'><strong>atque</strong></span> <span class='ocrx_word' id='word_1_110' title='bbox 493 1829 537 1896; x_wconf 90' lang='lat' dir='ltr'><strong>ad</strong></span> <span class='ocrx_word' id='word_1_111' title='bbox 552 1847 698 1911; x_wconf 79' lang='lat' dir='ltr'><strong>pugnam</strong></span> <span class='ocrx_word' id='word_1_112' title='bbox 711 1826 848 1892; x_wconf 82' lang='lat' dir='ltr'><strong>vadunt.</strong></span> <span class='ocrx_word' id='word_1_113' title='bbox 882 1827 923 1890; x_wconf 92' lang='lat' dir='ltr'><strong>In</strong></span> <span class='ocrx_word' id='word_1_114' title='bbox 937 1828 1013 1910; x_wconf 88' lang='lat' dir='ltr'><strong>quis</strong></span> <span class='ocrx_word' id='word_1_115' title='bbox 1029 1825 1291 1910; x_wconf 84' lang='lat' dir='ltr'><strong>Neoptolemus,</strong></span> 
     </span>
     <span class='ocr_line' id='line_1_16' title="bbox 195 1923 1289 2012; baseline -0.004 -20"><span class='ocrx_word' id='word_1_116' title='bbox 195 1948 313 2011; x_wconf 85' lang='lat' dir='ltr'><strong>regens</strong></span> <span class='ocrx_word' id='word_1_117' title='bbox 327 1930 468 2006; x_wconf 87' lang='lat' dir='ltr'><strong>medios,</strong></span> <span class='ocrx_word' id='word_1_118' title='bbox 477 1931 601 1995; x_wconf 89' lang='lat' dir='ltr'><strong>circum</strong></span> <span class='ocrx_word' id='word_1_119' title='bbox 614 1948 651 1992; x_wconf 88' lang='lat' dir='ltr'><strong>se</strong></span> <span class='ocrx_word' id='word_1_120' title='bbox 664 1927 893 2012; x_wconf 85' lang='lat' dir='ltr'><strong>Myrmidonas</strong></span> <span class='ocrx_word' id='word_1_121' title='bbox 901 1929 1017 1993; x_wconf 82' lang='lat' dir='ltr'><strong>statuit</strong></span> <span class='ocrx_word' id='word_1_122' title='bbox 1025 1933 1124 2010; x_wconf 90' lang='lat' dir='ltr'><strong>atque</strong></span> <span class='ocrx_word' id='word_1_123' title='bbox 1135 1923 1289 2010; x_wconf 84' lang='lat' dir='ltr'><strong>Ajacem,</strong></span> 
     </span>
     <span class='ocr_line' id='line_1_17' title="bbox 194 2026 1290 2112; baseline -0.002 -20"><span class='ocrx_word' id='word_1_124' title='bbox 194 2049 293 2110; x_wconf 89' lang='lat' dir='ltr'><strong>quem</strong></span> <span class='ocrx_word' id='word_1_125' title='bbox 308 2028 476 2094; x_wconf 78' lang='lat' dir='ltr'><strong>affinitatis</strong></span> <span class='ocrx_word' id='word_1_126' title='bbox 490 2030 621 2105; x_wconf 88' lang='lat' dir='ltr'><strong>merito,</strong></span> <span class='ocrx_word' id='word_1_127' title='bbox 643 2027 793 2112; x_wconf 88' lang='lat' dir='ltr'><strong>parentis</strong></span> <span class='ocrx_word' id='word_1_128' title='bbox 807 2027 885 2092; x_wconf 88' lang='lat' dir='ltr'><strong>loco</strong></span> <span class='ocrx_word' id='word_1_129' title='bbox 898 2027 1105 2111; x_wconf 81' lang='lat' dir='ltr'><strong>percolebat.</strong></span> <span class='ocrx_word' id='word_1_130' title='bbox 1150 2026 1290 2091; x_wconf 87' lang='lat' dir='ltr'><strong>Interim</strong></span> 
     </span>
     <span class='ocr_line' id='line_1_18' title="bbox 195 2121 1289 2214; baseline -0.004 -20"><span class='ocrx_word' id='word_1_131' title='bbox 195 2121 331 2214; x_wconf 81' lang='lat' dir='ltr'><strong>Trojani</strong></span> <span class='ocrx_word' id='word_1_132' title='bbox 345 2131 554 2195; x_wconf 88' lang='lat' dir='ltr'><strong>vehementer</strong></span> <span class='ocrx_word' id='word_1_133' title='bbox 568 2149 701 2212; x_wconf 84' lang='lat' dir='ltr'><strong>pavere,</strong></span> <span class='ocrx_word' id='word_1_134' title='bbox 715 2129 861 2193; x_wconf 80' lang='lat' dir='ltr'><strong>maxime</strong></span> <span class='ocrx_word' id='word_1_135' title='bbox 876 2129 968 2212; x_wconf 90' lang='lat' dir='ltr'><strong>qued</strong></span> <span class='ocrx_word' id='word_1_136' title='bbox 991 2128 1063 2192; x_wconf 77' lang='lat' dir='ltr'><strong>suis</strong></span> <span class='ocrx_word' id='word_1_137' title='bbox 1084 2127 1194 2192; x_wconf 89' lang='lat' dir='ltr'><strong>indies</strong></span> <span class='ocrx_word' id='word_1_138' title='bbox 1209 2125 1289 2190; x_wconf 87' lang='lat' dir='ltr'><strong>deti-</strong></span> 
     </span>
     <span class='ocr_line' id='line_1_19' title="bbox 196 2229 1289 2312; baseline -0.007 -14"><span class='ocrx_word' id='word_1_139' title='bbox 196 2235 362 2298; x_wconf 88' lang='lat' dir='ltr'><strong>cientibus</strong></span> <span class='ocrx_word' id='word_1_140' title='bbox 379 2232 516 2297; x_wconf 84' lang='lat' dir='ltr'><strong>auxiliis</strong></span> <span class='ocrx_word' id='word_1_141' title='bbox 532 2251 640 2296; x_wconf 88' lang='lat' dir='ltr'><strong>novus</strong></span> <span class='ocrx_word' id='word_1_142' title='bbox 656 2231 832 2296; x_wconf 82' lang='lat' dir='ltr'><strong>aduersum</strong></span> <span class='ocrx_word' id='word_1_143' title='bbox 847 2249 883 2292; x_wconf 88' lang='lat' dir='ltr'><strong>se</strong></span> <span class='ocrx_word' id='word_1_144' title='bbox 897 2229 992 2293; x_wconf 89' lang='lat' dir='ltr'><strong>miles</strong></span> <span class='ocrx_word' id='word_1_145' title='bbox 1006 2233 1186 2312; x_wconf 84' lang='lat' dir='ltr'><strong>pararetur,</strong></span> <span class='ocrx_word' id='word_1_146' title='bbox 1211 2245 1289 2290; x_wconf 90' lang='lat' dir='ltr'><strong>cum</strong></span> 
     </span>
     <span class='ocr_line' id='line_1_20' title="bbox 195 2328 1289 2414; baseline -0.006 -14"><span class='ocrx_word' id='word_1_147' title='bbox 195 2332 445 2400; x_wconf 83' lang='lat' dir='ltr'><strong>memorando⁸¹¹</strong></span> <span class='ocrx_word' id='word_1_148' title='bbox 459 2334 565 2398; x_wconf 87' lang='lat' dir='ltr'><strong>duce:</strong></span> <span class='ocrx_word' id='word_1_149' title='bbox 583 2341 693 2397; x_wconf 84' lang='lat' dir='ltr'><strong>temen</strong></span> <span class='ocrx_word' id='word_1_150' title='bbox 706 2331 866 2414; x_wconf 87' lang='lat' dir='ltr'><strong>Eurypyli</strong></span> <span class='ocrx_word' id='word_1_151' title='bbox 880 2330 1011 2394; x_wconf 87' lang='lat' dir='ltr'><strong>hortatu</strong></span> <span class='ocrx_word' id='word_1_152' title='bbox 1026 2347 1118 2392; x_wconf 90' lang='lat' dir='ltr'><strong>arma</strong></span> <span class='ocrx_word' id='word_1_153' title='bbox 1132 2328 1289 2410; x_wconf 89' lang='lat' dir='ltr'><strong>capiunt:</strong></span> 
     </span>
     <span class='ocr_line' id='line_1_21' title="bbox 195 2427 1289 2519; baseline -0.007 -19"><span class='ocrx_word' id='word_1_154' title='bbox 195 2437 225 2501; x_wconf 92' lang='lat' dir='ltr'><strong>is</strong></span> <span class='ocrx_word' id='word_1_155' title='bbox 246 2455 388 2519; x_wconf 84' lang='lat' dir='ltr'><strong>namque</strong></span> <span class='ocrx_word' id='word_1_156' title='bbox 411 2435 580 2518; x_wconf 87' lang='lat' dir='ltr'><strong>adjunctis</strong></span> <span class='ocrx_word' id='word_1_157' title='bbox 603 2453 719 2498; x_wconf 89' lang='lat' dir='ltr'><strong>secum</strong></span> <span class='ocrx_word' id='word_1_158' title='bbox 741 2433 865 2514; x_wconf 79' lang='lat' dir='ltr'><strong>regulis</strong></span> <span class='ocrx_word' id='word_1_159' title='bbox 888 2431 1007 2514; x_wconf 88' lang='lat' dir='ltr'><strong>copias</strong></span> <span class='ocrx_word' id='word_1_160' title='bbox 1030 2447 1111 2493; x_wconf 87' lang='lat' dir='ltr'><strong>suas</strong></span> <span class='ocrx_word' id='word_1_161' title='bbox 1132 2427 1289 2512; x_wconf 84' lang='lat' dir='ltr'><strong>Trojanis</strong></span> 
     </span>
     <span class='ocr_line' id='line_1_22' title="bbox 195 2529 1289 2621; baseline -0.009 -18"><span class='ocrx_word' id='word_1_162' title='bbox 195 2539 320 2603; x_wconf 81' lang='lat' dir='ltr'><strong>mixtos</strong></span> <span class='ocrx_word' id='word_1_163' title='bbox 343 2544 439 2621; x_wconf 90' lang='lat' dir='ltr'><strong>porta</strong></span> <span class='ocrx_word' id='word_1_164' title='bbox 455 2537 585 2602; x_wconf 88' lang='lat' dir='ltr'><strong>educit:</strong></span> <span class='ocrx_word' id='word_1_165' title='bbox 609 2543 709 2619; x_wconf 87' lang='lat' dir='ltr'><strong>atque</strong></span> <span class='ocrx_word' id='word_1_166' title='bbox 734 2535 784 2600; x_wconf 91' lang='lat' dir='ltr'><strong>ita</strong></span> <span class='ocrx_word' id='word_1_167' title='bbox 798 2532 952 2598; x_wconf 82' lang='lat' dir='ltr'><strong>ordinate</strong></span> <span class='ocrx_word' id='word_1_168' title='bbox 966 2531 1040 2596; x_wconf 88' lang='lat' dir='ltr'><strong>acie</strong></span> <span class='ocrx_word' id='word_1_169' title='bbox 1054 2529 1199 2596; x_wconf 89' lang='lat' dir='ltr'><strong>medium</strong></span> <span class='ocrx_word' id='word_1_170' title='bbox 1215 2547 1289 2593; x_wconf 88' lang='lat' dir='ltr'><strong>sese</strong></span> 
     </span>
     <span class='ocr_line' id='line_1_23' title="bbox 195 2631 1291 2722; baseline -0.009 -19"><span class='ocrx_word' id='word_1_171' title='bbox 195 2641 295 2704; x_wconf 87' lang='lat' dir='ltr'><strong>locat.</strong></span> <span class='ocrx_word' id='word_1_172' title='bbox 347 2639 435 2703; x_wconf 84' lang='lat' dir='ltr'><strong>Tum</strong></span> <span class='ocrx_word' id='word_1_173' title='bbox 459 2639 601 2722; x_wconf 91' lang='lat' dir='ltr'><strong>primum</strong></span> <span class='ocrx_word' id='word_1_174' title='bbox 626 2637 753 2701; x_wconf 87' lang='lat' dir='ltr'><strong>AEneas</strong></span> <span class='ocrx_word' id='word_1_175' title='bbox 777 2639 975 2718; x_wconf 85' lang='lat' dir='ltr'><strong>aspemato⁹</strong></span> <span class='ocrx_word' id='word_1_176' title='bbox 1001 2631 1179 2697; x_wconf 88' lang='lat' dir='ltr'><strong>certamine</strong></span> <span class='ocrx_word' id='word_1_177' title='bbox 1203 2631 1291 2694; x_wconf 88' lang='lat' dir='ltr'><strong>intra</strong></span> 
     </span>
     <span class='ocr_line' id='line_1_24' title="bbox 196 2728 1289 2822; baseline -0.012 -18"><span class='ocrx_word' id='word_1_178' title='bbox 196 2759 308 2804; x_wconf 90' lang='lat' dir='ltr'><strong>muros</strong></span> <span class='ocrx_word' id='word_1_179' title='bbox 323 2747 445 2818; x_wconf 88' lang='lat' dir='ltr'><strong>manet,</strong></span> <span class='ocrx_word' id='word_1_180' title='bbox 456 2745 635 2803; x_wconf 85' lang='lat' dir='ltr'><strong>execratus</strong></span> <span class='ocrx_word' id='word_1_181' title='bbox 650 2739 777 2822; x_wconf 90' lang='lat' dir='ltr'><strong>quippe</strong></span> <span class='ocrx_word' id='word_1_182' title='bbox 794 2732 978 2801; x_wconf 87' lang='lat' dir='ltr'><strong>Alexandri</strong></span> <span class='ocrx_word' id='word_1_183' title='bbox 991 2733 1122 2797; x_wconf 84' lang='lat' dir='ltr'><strong>facinus</strong></span> <span class='ocrx_word' id='word_1_184' title='bbox 1135 2728 1289 2794; x_wconf 88' lang='lat' dir='ltr'><strong>commis-</strong></span> 
     </span>
     <span class='ocr_line' id='line_1_25' title="bbox 194 2825 1290 2922; baseline -0.012 -18"><span class='ocrx_word' id='word_1_185' title='bbox 194 2849 269 2905; x_wconf 82' lang='lat' dir='ltr'><strong>sum</strong></span> <span class='ocrx_word' id='word_1_186' title='bbox 285 2841 319 2904; x_wconf 93' lang='lat' dir='ltr'><strong>iu</strong></span> <span class='ocrx_word' id='word_1_187' title='bbox 334 2836 545 2922; x_wconf 78' lang='lat' dir='ltr'><strong>Apollinem,i</strong></span> <span class='ocrx_word' id='word_1_188' title='bbox 558 2839 657 2921; x_wconf 85' lang='lat' dir='ltr'><strong>cujus</strong></span> <span class='ocrx_word' id='word_1_189' title='bbox 672 2856 770 2902; x_wconf 81' lang='lat' dir='ltr'><strong>secra</strong></span> <span class='ocrx_word' id='word_1_190' title='bbox 784 2836 815 2900; x_wconf 86' lang='lat' dir='ltr'><strong>is</strong></span> <span class='ocrx_word' id='word_1_191' title='bbox 828 2833 998 2917; x_wconf 73' lang='lat' dir='ltr'><strong>praecipue</strong></span> <span class='ocrx_word' id='word_1_192' title='bbox 1014 2825 1178 2896; x_wconf 84' lang='lat' dir='ltr'><strong>tuebatur.</strong></span> <span class='ocrx_word' id='word_1_193' title='bbox 1221 2828 1290 2892; x_wconf 87' lang='lat' dir='ltr'><strong>Sed</strong></span> 
     </span>
     <span class='ocr_line' id='line_1_26' title="bbox 196 2939 1290 3022; baseline -0.014 -17"><span class='ocrx_word' id='word_1_194' title='bbox 196 2943 254 3004; x_wconf 94' lang='lat' dir='ltr'><strong>ubi</strong></span> <span class='ocrx_word' id='word_1_195' title='bbox 270 2942 399 3022; x_wconf 81' lang='lat' dir='ltr'><strong>signum</strong></span> <span class='ocrx_word' id='word_1_196' title='bbox 413 2939 561 3004; x_wconf 90' lang='lat' dir='ltr'><strong>bellandi</strong></span> <span class='ocrx_word' id='word_1_197' title='bbox 577 2939 692 3003; x_wconf 88' lang='lat' dir='ltr'><strong>datum</strong></span> <span class='ocrx_word' id='word_1_198' title='bbox 712 2941 774 3014; x_wconf 88' lang='lat' dir='ltr'><strong>est,</strong></span> <span class='ocrx_word' id='word_1_199' title='bbox 796 2953 916 2999; x_wconf 85' lang='lat' dir='ltr'><strong>manus</strong></span> <span class='ocrx_word' id='word_1_200' title='bbox 938 2939 1130 3007; x_wconf 86' lang='lat' dir='ltr'><strong>conserunt,</strong></span> <span class='ocrx_word' id='word_1_201' title='bbox 1152 2946 1290 3010; x_wconf 76' lang='lat' dir='ltr'><strong>magua·</strong></span> 
     </span>
     <span class='ocr_line' id='line_1_27' title="bbox 197 3029 1288 3126; baseline -0.014 -21"><span class='ocrx_word' id='word_1_202' title='bbox 197 3051 281 3126; x_wconf 88' lang='lat' dir='ltr'><strong>que¹</strong></span> <span class='ocrx_word' id='word_1_203' title='bbox 308 3044 342 3108; x_wconf 89' lang='lat' dir='ltr'><strong>vi</strong></span> <span class='ocrx_word' id='word_1_204' title='bbox 368 3043 530 3125; x_wconf 88' lang='lat' dir='ltr'><strong>utrimque</strong></span> <span class='ocrx_word' id='word_1_205' title='bbox 557 3040 775 3116; x_wconf 87' lang='lat' dir='ltr'><strong>decertantes,</strong></span> <span class='ocrx_word' id='word_1_206' title='bbox 803 3035 928 3099; x_wconf 85' lang='lat' dir='ltr'><strong>cadunt</strong></span> <span class='ocrx_word' id='word_1_207' title='bbox 951 3033 1096 3117; x_wconf 89' lang='lat' dir='ltr'><strong>plurimi.</strong></span> <span class='ocrx_word' id='word_1_208' title='bbox 1152 3029 1288 3094; x_wconf 84' lang='lat' dir='ltr'><strong>Interim</strong></span> 
     </span>
    </p>
   </div>
   <div class='ocr_carea' id='block_1_4' title="bbox 195 3413 1289 3618">
    <p class='ocr_par' dir='ltr' id='par_1_4' title="bbox 195 3413 1289 3618">
     <span class='ocr_line' id='line_1_28' title="bbox 195 3413 1288 3494; baseline -0.026 -8"><span class='ocrx_word' id='word_1_209' title='bbox 195 3440 299 3486; x_wconf 71' lang='lat' dir='ltr'><strong>eoa-4</strong></span> <span class='ocrx_word' id='word_1_210' title='bbox 325 3433 422 3494; x_wconf 87' lang='lat' dir='ltr'><strong>Delplr.</strong></span> <span class='ocrx_word' id='word_1_211' title='bbox 443 3413 602 3494; x_wconf 75' lang='lat' dir='ltr'><strong>plurimo-tt</strong></span> <span class='ocrx_word' id='word_1_212' title='bbox 631 3427 728 3488; x_wconf 85' lang='lat' dir='ltr'><strong>Delph.</strong></span> <span class='ocrx_word' id='word_1_213' title='bbox 758 3421 878 3473; x_wconf 74' lang='lat' dir='ltr'><strong>industrio</strong></span> <span class='ocrx_word' id='word_1_214' title='bbox 897 3433 922 3468; x_wconf 74' lang='lat' dir='ltr'><strong>ec</strong></span> <span class='ocrx_word' id='word_1_215' title='bbox 942 3433 965 3466; x_wconf 84' lang='lat' dir='ltr'><strong>o.</strong></span> <span class='ocrx_word' id='word_1_216' title='bbox 984 3433 1007 3466; x_wconf 85' lang='lat' dir='ltr'><strong>o.</strong></span> <span class='ocrx_word' id='word_1_217' title='bbox 1026 3413 1108 3464; x_wconf 71' lang='lat' dir='ltr'><strong>macri</strong></span> <span class='ocrx_word' id='word_1_218' title='bbox 1126 3413 1288 3474; x_wconf 65' lang='lat' dir='ltr'><strong>comedit.-</strong></span> 
     </span>
     <span class='ocr_line' id='line_1_29' title="bbox 196 3473 1289 3560; baseline -0.023 -12"><span class='ocrx_word' id='word_1_219' title='bbox 196 3505 212 3548; x_wconf 81' lang='grc' dir='ltr'><strong>ῦ</strong></span> <span class='ocrx_word' id='word_1_220' title='bbox 230 3496 324 3560; x_wconf 84' lang='lat' dir='ltr'><strong>Delph.</strong></span> <span class='ocrx_word' id='word_1_221' title='bbox 334 3500 459 3556; x_wconf 79' lang='lat' dir='ltr'><strong>rogat—t</strong></span> <span class='ocrx_word' id='word_1_222' title='bbox 476 3494 598 3556; x_wconf 74' lang='lat' dir='ltr'><strong>vinding.</strong></span> <span class='ocrx_word' id='word_1_223' title='bbox 608 3491 748 3540; x_wconf 70' lang='lat' dir='ltr'><strong>solidis-8</strong></span> <span class='ocrx_word' id='word_1_224' title='bbox 759 3487 857 3535; x_wconf 88' lang='lat' dir='ltr'><strong>Omnes</strong></span> <span class='ocrx_word' id='word_1_225' title='bbox 867 3495 944 3531; x_wconf 80' lang='lat' dir='ltr'><strong>vocet</strong></span> <span class='ocrx_word' id='word_1_226' title='bbox 955 3489 1173 3540; x_wconf 69' lang='lat' dir='ltr'><strong>amantesque</strong></span> <span class='ocrx_word' id='word_1_227' title='bbox 1185 3473 1217 3524; x_wconf 78' lang='lat' dir='ltr'><strong>ud</strong></span> <span class='ocrx_word' id='word_1_228' title='bbox 1228 3489 1289 3525; x_wconf 80' lang='lat' dir='ltr'><strong>com·</strong></span> 
     </span>
     <span class='ocr_line' id='line_1_30' title="bbox 196 3539 1288 3618; baseline -0.024 -6"><span class='ocrx_word' id='word_1_229' title='bbox 196 3561 343 3612; x_wconf 74' lang='lat' dir='ltr'><strong>memocndo</strong></span> <span class='ocrx_word' id='word_1_230' title='bbox 355 3559 449 3607; x_wconf 85' lang='lat' dir='ltr'><strong>desunt</strong></span> <span class='ocrx_word' id='word_1_231' title='bbox 462 3559 487 3605; x_wconf 89' lang='lat' dir='ltr'><strong>in</strong></span> <span class='ocrx_word' id='word_1_232' title='bbox 501 3558 596 3618; x_wconf 84' lang='lat' dir='ltr'><strong>Delph.</strong></span> <span class='ocrx_word' id='word_1_233' title='bbox 607 3553 724 3604; x_wconf 79' lang='lat' dir='ltr'><strong>exhibite</strong></span> <span class='ocrx_word' id='word_1_234' title='bbox 741 3551 794 3600; x_wconf 81' lang='lat' dir='ltr'><strong>sola</strong></span> <span class='ocrx_word' id='word_1_235' title='bbox 806 3561 869 3596; x_wconf 84' lang='lat' dir='ltr'><strong>voce</strong></span> <span class='ocrx_word' id='word_1_236' title='bbox 880 3545 1116 3594; x_wconf 66' lang='lat' dir='ltr'><strong>mamma-o</strong></span> <span class='ocrx_word' id='word_1_237' title='bbox 1133 3539 1227 3603; x_wconf 85' lang='lat' dir='ltr'><strong>Delpb.</strong></span> <span class='ocrx_word' id='word_1_238' title='bbox 1246 3553 1288 3610; x_wconf 49' lang='grc' dir='ltr'><strong>ρας</strong></span> 
     </span>
    </p>
   </div>
   <div class='ocr_carea' id='block_1_5' title="bbox 196 3606 1289 3684">
    <p class='ocr_par' dir='ltr' id='par_1_5' title="bbox 196 3606 1289 3684">
     <span class='ocr_line' id='line_1_31' title="bbox 196 3606 1289 3684; baseline -0.022 -8"><span class='ocrx_word' id='word_1_239' title='bbox 196 3629 308 3676; x_wconf 79' lang='lat' dir='ltr'><strong>roto—l</strong></span> <span class='ocrx_word' id='word_1_240' title='bbox 331 3623 476 3673; x_wconf 71' lang='lat' dir='ltr'><strong>Denuntio</strong></span> <span class='ocrx_word' id='word_1_241' title='bbox 496 3619 591 3684; x_wconf 84' lang='lat' dir='ltr'><strong>Delpb.</strong></span> <span class='ocrx_word' id='word_1_242' title='bbox 609 3616 707 3667; x_wconf 66' lang='lat' dir='ltr'><strong>rocula</strong></span> <span class='ocrx_word' id='word_1_243' title='bbox 724 3629 768 3678; x_wconf 77' lang='lat' dir='ltr'><strong>que</strong></span> <span class='ocrx_word' id='word_1_244' title='bbox 782 3618 841 3678; x_wconf 80' lang='lat' dir='ltr'><strong>port</strong></span> <span class='ocrx_word' id='word_1_245' title='bbox 855 3623 951 3672; x_wconf 70' lang='lat' dir='ltr'><strong>maa,</strong></span> <span class='ocrx_word' id='word_1_246' title='bbox 969 3614 998 3659; x_wconf 80' lang='lat' dir='ltr'><strong>et</strong></span> <span class='ocrx_word' id='word_1_247' title='bbox 1014 3621 1073 3656; x_wconf 83' lang='lat' dir='ltr'><strong>mox</strong></span> <span class='ocrx_word' id='word_1_248' title='bbox 1091 3606 1289 3670; x_wconf 70' lang='lat' dir='ltr'><strong>portendant.-</strong></span> 
     </span>
    </p>
   </div>
   <div class='ocr_carea' id='block_1_6' title="bbox 690 3825 799 3878">
    <p class='ocr_par' dir='ltr' id='par_1_6' title="bbox 690 3825 799 3878">
     <span class='ocr_line' id='line_1_32' title="bbox 690 3825 799 3878; baseline -0.028 0"><span class='ocrx_word' id='word_1_249' title='bbox 690 3825 799 3878; x_wconf 81' lang='lat' dir='ltr'>NOTAE</span> 
     </span>
    </p>
   </div>
   <div class='ocr_carea' id='block_1_7' title="bbox 196 3957 1289 4269">
    <p class='ocr_par' dir='ltr' id='par_1_7' title="bbox 196 3957 1288 4123">
     <span class='ocr_line' id='line_1_33' title="bbox 196 3957 1288 4054; baseline -0.028 -16"><span class='ocrx_word' id='word_1_250' title='bbox 196 4002 248 4054; x_wconf 86' lang='lat' dir='ltr'><strong>quo</strong></span> <span class='ocrx_word' id='word_1_251' title='bbox 259 3999 336 4048; x_wconf 80' lang='lat' dir='ltr'><strong>sopra</strong></span> <span class='ocrx_word' id='word_1_252' title='bbox 347 3978 541 4033; x_wconf 78' lang='lat' dir='ltr'><strong>commemorati</strong></span> <span class='ocrx_word' id='word_1_253' title='bbox 551 3976 628 4028; x_wconf 78' lang='lat' dir='ltr'><strong>snut?</strong></span> <span class='ocrx_word' id='word_1_254' title='bbox 761 3967 831 4035; x_wconf 71' lang='lat' dir='ltr'><strong>dne]</strong></span> <span class='ocrx_word' id='word_1_255' title='bbox 863 3967 908 4020; x_wconf 88' lang='lat' dir='ltr'><strong>Ob</strong></span> <span class='ocrx_word' id='word_1_256' title='bbox 934 3965 1159 4017; x_wconf 79' lang='lat' dir='ltr'><strong>commemoratum</strong></span> <span class='ocrx_word' id='word_1_257' title='bbox 1186 3957 1288 4022; x_wconf 80' lang='lat' dir='ltr'><strong>ducem,</strong></span> 
     </span>
     <span class='ocr_line' id='line_1_34' title="bbox 229 4041 1095 4123; baseline -0.028 -13"><span class='ocrx_word' id='word_1_258' title='bbox 229 4072 242 4108; x_wconf 83' lang='lat' dir='ltr'><strong>t</strong></span> <span class='ocrx_word' id='word_1_259' title='bbox 258 4056 407 4123; x_wconf 71' lang='lat' dir='ltr'><strong>[Industrio]</strong></span> <span class='ocrx_word' id='word_1_260' title='bbox 423 4055 516 4116; x_wconf 75' lang='lat' dir='ltr'><strong>idest,</strong></span> <span class='ocrx_word' id='word_1_261' title='bbox 535 4049 723 4114; x_wconf 77' lang='lat' dir='ltr'><strong>laboriositate,</strong></span> <span class='ocrx_word' id='word_1_262' title='bbox 762 4046 889 4110; x_wconf 78' lang='lat' dir='ltr'><strong>Pyrrhum</strong></span> <span class='ocrx_word' id='word_1_263' title='bbox 900 4041 1010 4092; x_wconf 79' lang='lat' dir='ltr'><strong>scilicet.</strong></span> <span class='ocrx_word' id='word_1_264' title='bbox 1093 4081 1095 4086; x_wconf 80' lang='grc'>,</span> 
     </span>
    </p>

    <p class='ocr_par' dir='ltr' id='par_1_8' title="bbox 198 4109 1289 4269">
     <span class='ocr_line' id='line_1_35' title="bbox 198 4109 1289 4198; baseline -0.026 -12"><span class='ocrx_word' id='word_1_265' title='bbox 198 4137 221 4186; x_wconf 82' lang='lat' dir='ltr'><strong>si</strong></span> <span class='ocrx_word' id='word_1_266' title='bbox 233 4137 270 4186; x_wconf 82' lang='lat' dir='ltr'><strong>itu</strong></span> <span class='ocrx_word' id='word_1_267' title='bbox 281 4134 320 4184; x_wconf 79' lang='lat' dir='ltr'><strong>lus</strong></span> <span class='ocrx_word' id='word_1_268' title='bbox 331 4133 417 4198; x_wconf 82' lang='lat' dir='ltr'><strong>loqui3</strong></span> <span class='ocrx_word' id='word_1_269' title='bbox 434 4143 521 4182; x_wconf 78' lang='lat' dir='ltr'><strong>eruore</strong></span> <span class='ocrx_word' id='word_1_270' title='bbox 531 4126 633 4190; x_wconf 75' lang='lat' dir='ltr'><strong>agendi.</strong></span> <span class='ocrx_word' id='word_1_271' title='bbox 793 4120 800 4154; x_wconf 88' lang='lat'><strong>¹</strong></span> <span class='ocrx_word' id='word_1_272' title='bbox 819 4118 972 4172; x_wconf 64' lang='lat' dir='ltr'><strong>comanam</strong></span> <span class='ocrx_word' id='word_1_273' title='bbox 981 4113 1008 4164; x_wconf 80' lang='lat' dir='ltr'><strong>ia</strong></span> <span class='ocrx_word' id='word_1_274' title='bbox 1017 4109 1162 4174; x_wconf 74' lang='lat' dir='ltr'><strong>Apollinem]</strong></span> <span class='ocrx_word' id='word_1_275' title='bbox 1184 4109 1249 4198; x_wconf 52' lang='lat' dir='ltr'><strong>pum</strong></span> <span class='ocrx_word' id='word_1_276' title='bbox 1260 4110 1289 4174; x_wconf 76' lang='lat' dir='ltr'><strong>in</strong></span> 
     </span>
     <span class='ocr_line' id='line_1_36' title="bbox 247 4185 1217 4269; baseline -0.022 -12"><span class='ocrx_word' id='word_1_277' title='bbox 247 4208 259 4243; x_wconf 75' lang='lat'><strong>¹¹</strong></span> <span class='ocrx_word' id='word_1_278' title='bbox 286 4208 490 4260; x_wconf 65' lang='lat' dir='ltr'><strong>Commemoranda</strong></span> <span class='ocrx_word' id='word_1_279' title='bbox 523 4197 723 4269; x_wconf 72' lang='lat' dir='ltr'><strong>[onomata]</strong></span> <span class='ocrx_word' id='word_1_280' title='bbox 763 4197 819 4260; x_wconf 81' lang='lat' dir='ltr'><strong>ejus</strong></span> <span class='ocrx_word' id='word_1_281' title='bbox 830 4194 927 4259; x_wconf 85' lang='lat' dir='ltr'><strong>templo</strong></span> <span class='ocrx_word' id='word_1_282' title='bbox 939 4189 1066 4242; x_wconf 79' lang='lat' dir='ltr'><strong>Achillem</strong></span> <span class='ocrx_word' id='word_1_283' title='bbox 1077 4185 1217 4238; x_wconf 72' lang='lat' dir='ltr'><strong>interient.</strong></span> 
     </span>
    </p>
   </div>
   <div class='ocr_carea' id='block_1_8' title="bbox 0 0 1580 4950">
    <p class='ocr_par' dir='ltr' id='par_1_9' title="bbox 0 0 1580 4950">
     <span class='ocr_line' id='line_1_37' title="bbox 0 0 1580 4950; baseline 0 0"><span class='ocrx_word' id='word_1_284' title='bbox 0 0 1580 4950; x_wconf 95' lang='lat' dir='ltr'><strong> </strong></span> 
     </span>
    </p>
   </div>
  </div>
 </body>
</html>
