3178 4948
293 373 358 446 144
584 387 587 392 ’
640 387 802 444 urcrros
827 387 1034 444 centussis

294 537 427 605 Graecis
448 536 551 603 veluti
573 537 745 620 publicum
771 538 871 602 funus
895 537 969 620 ejus
995 538 1175 600 crematum
1200 533 1269 618 igni
1291 553 1395 604 aureo

293 639 431 706 vasculo
445 629 612 722 sepultum
625 646 687 702 est.
731 637 814 720 [lu]
839 639 979 704 Interim
994 633 1160 713 Achilles,
1177 636 1344 704 ministras
1358 648 1396 703 et

187 773 203 802 s
293 741 399 805 veluti
414 739 578 805 officinam
592 738 677 802 belli
688 739 862 821 proximas
878 735 996 820 Trojee
1012 736 1168 800 civitates
1182 741 1288 816 ratus,
1303 757 1395 804 sum-

269 892 271 896 .
294 843 339 906 tis
353 842 481 924 aliquot
495 841 649 918 navibus,
665 837 837 903 Lesbuml
858 839 1060 922 aggreditur,
1081 851 1122 902 ec
1138 838 1210 902 siue
1225 839 1295 904 ulla
1309 840 1396 904 diffi-

295 944 417 1008 cultate
438 959 512 1006 eam
527 941 631 1024 capit.
676 939 720 1004 Et
735 937 954 1004 Phorbanta4
974 938 1042 1002 loci
1057 937 1131 1020 ejus
1144 956 1269 1020 regem,
1284 941 1396 1006 multa

296 1044 455 1108 adversus
471 1041 610 1106 Graecos
631 1040 791 1104 hostiliter
816 1040 979 1117 molitum,
1001 1039 1167 1115 interficit,
1189 1047 1288 1122 etque
1316 1042 1397 1106 inde

296 1143 517 1210 Diomedeam
532 1141 657 1204 filiam¹
672 1142 758 1222 regis
773 1159 848 1204 cum
863 1157 983 1222 magna
997 1139 1116 1222 praeda
1131 1141 1277 1208 abducit.
1303 1143 1398 1206 Dein

296 1246 468 1328 Phyrum⁵
484 1251 498 1278 ⁸
519 1250 555 1306 et
570 1239 782 1324 Hierapolim
796 1239 810 1275 b
830 1241 928 1304 urbes
943 1239 1080 1303 refertas
1097 1239 1240 1318 divitiis,
1263 1244 1395 1308 cunctis

297 1363 432 1409 auorum
444 1342 675 1426 poscentibus,
687 1342 722 1406 vi
733 1359 855 1424 magna
869 1359 1054 1424 aggressus,
1064 1342 1182 1423 paucis
1192 1341 1308 1407 diebus
1323 1346 1398 1408 sine

295 1445 367 1509 ulla
380 1444 578 1508 difficultate
597 1443 776 1508 exscindit.
820 1441 975 1507 Ceterum
991 1459 1059 1524 qua
1068 1444 1243 1524 pergebat,
1258 1445 1329 1526 agri
1344 1451 1397 1508 re'-

295 1545 372 1610 serti
396 1545 471 1629 jugi
495 1563 591 1627 pace,
625 1544 821 1628 depraedati,
843 1544 1064 1625 omnibusque
1087 1543 1247 1608 versasti:c
1285 1563 1397 1628 neque

297 1646 477 1730 quicquam
503 1645 593 1730 quod
614 1647 758 1711 amicum
772 1645 932 1729 ‘Iiojanis
947 1642 1143 1722 videretur,⁶
1164 1665 1229 1710 non
1244 1657 1398 1711 eversum

298 1751 381 1811 aut⁷
406 1753 575 1811 vastatum
594 1747 755 1830 relinqui.
801 1745 916 1824 Quis⁸
943 1747 1086 1828 coguitis
1113 1746 1246 1811 finitimi
1274 1748 1398 1831 populi

297 1847 383 1912 ultro
399 1847 441 1912 ad
465 1867 542 1912 eum
562 1866 637 1912 cum
659 1867 745 1931 pace
761 1865 950 1928 occurrere;
974 1865 1015 1911 ac
1029 1866 1072 1910 ne
1085 1853 1292 1913 vastarentur
1313 1851 1398 1932 agri,

298 1947 462 2024 dimidio,⁹
486 1949 654 2013 fructuum
679 1951 780 2031 pacti,
802 1949 884 2012 dant
905 1946 1005 2010 fidem
1028 1947 1137 2031 pacis,
1160 1953 1263 2030 atque
1290 1951 1398 2014 abeo

298 2049 480 2131 accipiunt.
525 2048 593 2114 His
622 2049 719 2127 actis,
744 2046 897 2140 Achilles
924 2047 967 2112 ad
996 2048 1180 2112 exercitum
1205 2049 1397 2131 regreditur,

298 2167 452 2230 magnam
463 2148 530 2213 vim
546 2149 778 2232 gloriaeatque'
793 2149 918 2231 praedee
934 2155 1124 2231 apportans.
1170 2148 1299 2214 Eodem
1314 2158 1398 2214 tem·

299 2267 380 2332 pore
403 2269 463 2314 rex
487 2247 704 2334 Scytharum‘*
726 2251 862 2332 cognito
878 2251 1024 2315 adventu
1040 2257 1177 2328 nostro,¹
1194 2269 1266 2314 cum
1283 2252 1397 2316 multis

300 2561 316 2606 3
334 2556 431 2620 Delpb.
442 2557 612 2608 debuerat—4
630 2558 724 2621 Delplr.
737 2559 904 2610 Ptcrlnatem.
936 2558 1108 2608 vitiosissime
1127 2558 1265 2620 edebatur,
1283 2559 1397 2621 Forgsrl·

300 2627 406 2669 tom-⁵
424 2621 494 2684 Arg.
513 2621 579 2670 Cod.
602 2622 732 2685 Ptrprom.
770 2622 843 2672 Med.
864 2623 978 2687 Pyrrum.
1013 2623 1162 2686 Legendum
1185 2629 1261 2685 putat
1282 2624 1398 2674 Mercer.

301 2683 413 2744 Scyrum,
425 2692 431 2713 ⁸
443 2699 519 2747 quam
539 2683 630 2734 eodem
650 2694 767 2748 tempore
786 2694 889 2749 captam
909 2687 942 2736 ab
958 2685 1059 2736 Achille
1078 2687 1206 2736 Homerus
1224 2687 1398 2736 memorat?—

301 2751 317 2794 e
335 2747 429 2810 Delpb.
441 2750 635 2797 credentum-i
651 2750 749 2813 Delpb.
760 2755 888 2812 atqua-8
900 2751 997 2814 Delplr.
1009 2750 1149 2813 quibua-9
1161 2751 1254 2814 Delpb.
1265 2751 1398 2800 dimidium.

694 2925 700 2936 ι
735 2959 738 2964 ,
799 2883 905 2959 norm

334 3025 345 3061 l
362 3017 604 3081 murmuratam
623 3020 701 3069 maris
715 3020 794 3083 lligrei
813 3036 829 3070 e
900 3023 912 3057 l
930 3020 1090 3085 Hierapolim]
1108 3021 1204 3071 Urbem
1222 3021 1396 3085 Phrygiam

301 3096 408 3158 regione
430 3094 549 3144 Troadis.
591 3095 668 3144 Prius
692 3095 830 3145 dicebatur
869 3111 920 3160 qua
931 3097 1031 3146 vitruv.
1043 3109 1093 3146 vri.
1103 3100 1127 3144 s.
1146 3094 1303 3157 ‘Hierapoli
1315 3097 1398 3158 Pbry-

303 3169 397 3219 ‘Issa.'
596 3207 599 3214 .
871 3171 921 3234 gia
938 3169 1048 3221 effervet
1059 3185 1133 3236 aquae
1145 3170 1237 3219 calida
1250 3171 1400 3232 multitudo,

288 3247 291 3252 '
334 3251 345 3276 ²
360 3245 608 3309 Diomedeamfilium]
628 3244 774 3295 Diomeden
788 3261 830 3295 vo·
871 3262 903 3296 err
915 3261 966 3311 qua
976 3247 1074 3296 circum
1085 3247 1172 3296 hortos
1184 3252 1212 3295 et
1223 3245 1312 3295 vineas
1322 3244 1400 3294 sessis

303 3329 346 3370 cat
369 3321 478 3370 Homer.
511 3323 559 3380 'litu
577 3322 696 3380 Λεσβόθεν
710 3320 757 3384 ἦγε
774 3323 842 3388 θόρὲ,
871 3321 955 3371 ductis
971 3322 1128 3373 immittitur.
1161 3321 1228 3371 liaee
1246 3320 1401 3370 autemelli·

300 3399 391 3452 fleme
412 3395 518 3460 θυγάτηρ
537 3397 641 3458 Διομήδη
661 3398 830 3461 καλλιπάρῃος.
871 3397 939 3447 citur
956 3404 1016 3458 post
1027 3411 1121 3446 anuum
1133 3404 1220 3446 crusta
1238 3396 1352 3458 lapidea,
1371 3405 1401 3445 et

301 3473 309 3496 ‘
321 3473 404 3523 Quam
416 3485 430 3518 e
443 3472 527 3522 Lesbo
539 3473 613 3522 duxlt
629 3473 784 3523 Phorbantia
801 3473 831 3522 o·
872 3473 908 3520 ita
920 3473 1056 3536 quotannis
1068 3473 1202 3521 dextrane
1213 3471 1318 3520 sinistra
1332 3485 1402 3522 mar·

302 3546 338 3593 lia
349 3545 478 3593 Diomede
490 3546 622 3598 formosa!
873 3549 945 3609 gines
954 3561 986 3596 er
995 3555 1066 3596 terra
1072 3545 1192 3596 faciendo
1201 3546 1326 3595 inducunt
1334 3561 1403 3608 eam,

335 3626 347 3651 ⁸
363 3618 485 3681 Ptyram]
505 3619 709 3670 Rescribeudom
722 3622 830 3684 Scymm.
871 3633 898 3670 et
909 3620 1022 3671 efficirrnt
1033 3621 1072 3670 bis
1084 3622 1177 3670 crustis
1189 3621 1214 3668 iu
1226 3621 1297 3683 agris
1306 3621 1401 3683 septe!

301 3694 398 3755 Scyrus
421 3693 512 3756 imula,
539 3709 555 3744 e
582 3697 688 3759 regione
714 3697 829 3745 Euboeae.
870 3696 938 3745 Vide
949 3696 1035 3745 strab.
1046 3695 1091 3744 lib.
1102 3709 1166 3744 1111.
1177 3697 1202 3744 in
1213 3694 1274 3744 fine.
1323 3734 1330 3746 .

303 3768 389 3819 Quam
407 3775 492 3816 tamen
511 3769 553 3818 bic
573 3783 623 3818 uon
635 3771 757 3834 intelligit
768 3773 830 3820 Dic»
897 3771 1400 3834 cneproeurrtmttmqaecemfficnu.

303 3842 407 3907 tya,sed
416 3843 538 3907 Pbrygiae
546 3845 832 3908 oppidnmffloaledpm,
870 3847 972 3897 ciuuior
983 3848 1033 3896 erit
1043 3848 1134 3908 lectio,
1145 3847 1307 3910 ‘depraedari
1318 3847 1400 3896 omni·

303 3927 380 3968 vocat
401 3919 508 3968 Homer.
526 3919 593 3968 ll.1.
617 3921 706 3983 Σκῦρον
724 3921 829 3969 treval-
871 3924 969 3988 busque
978 3923 1063 3972 vexari
1070 3921 1087 3982 ς’
1103 3929 1210 3986 propter
1217 3921 1401 3985 rd‘relinqui,'

302 3994 831 4060 reim'ilnriorsroalrtpor.‘Scyrumcum
871 3999 938 4062 quod
952 3999 1075 4061 sequitur.
1385 4049 1389 4054 ,

305 4075 375 4136 cepit
388 4073 476 4132 aliam,
492 4073 574 4135 Enyei
587 4071 729 4135 oppidum!
754 4072 831 4122 Hunc
903 4072 986 4120 ‘Rex
1000 4071 1155 4135 Scytharum]
1172 4071 1267 4120 Nescio
1282 4077 1353 4119 certe
1366 4069 1400 4119 de

259 4157 262 4164 ·
305 4147 422 4210 Enyeum
437 4147 550 4210 Dionysi
561 4145 641 4197 lilium
658 4147 722 4196 dicit
741 4149 831 4196 soboli·
874 4161 924 4210 quo
941 4158 1001 4209 rege
1019 4149 1142 4209 loquatur
1160 4147 1201 4195 liic
1221 4142 1322 4208 Dictys.
1358 4148 1401 4194 An

304 4231 382 4271 astes.
869 4219 1160 4283 'l’lroanternluielligiti
