3136 4948
252 381 318 448 ,tn
510 459 512 464 ,
537 395 616 442 nnc.
641 392 840 456 33313333,
854 366 1110 445 3133333333

177 583 181 588 -
274 541 424 622 regione,
453 546 492 605 ut
513 539 707 618 Thessalia,
724 542 993 614 commemorant,
1017 536 1223 619 quodcum
1239 537 1298 602 alii
1323 539 1373 609 fa·

277 643 379 718 ciant,
401 631 544 722 Tragici
566 639 832 724 frequentissime
855 637 997 715 1331331,
1028 638 1152 720 quibus
1178 639 1377 718 minimeid

277 742 531 809 concedendum
545 749 615 806 est:
639 740 722 818 nihil,
742 741 829 804 enim
852 758 896 802 ex
917 757 1064 821 persona
1086 738 1287 821 poetae-sed
1303 747 1375 807 ont·

277 845 334 908 nia
348 846 410 908 sub
426 865 551 920 eorum,
563 845 622 926 qui
637 839 862 926 illo'tempore
876 842 1041 917 vixerunt,
1056 841 1225 904 dixerunt.
1271 841 1375 920 Quod

278 946 309 1008 si
323 947 398 1028 quis
420 966 441 1009 a
460 947 625 1009 Thessalo
650 943 809 1008 Herculis
832 943 873 1007 F.
888 961 948 1006 eos
974 942 1165 1024 appellatos
1186 941 1376 1012 Thessalos

279 1047 373 1123 dicit,
389 1047 560 1112 reddenda
574 1047 637 1110 erit
660 1047 695 1130 ei
714 1046 812 1122 ratio,
826 1064 885 1134 cur
903 1063 1074 1126 nunqnam
1097 1051 1175 1107 ante
1198 1044 1377 1127 insequen-

279 1154 345 1211 tem
367 1147 569 1212 Tbessalnm
587 1169 630 1212 ee
652 1131 736 1231 gens
760 1147 796 1212 id
818 1146 965 1210 nominis
980 1145 1207 1228 usurpaverit?
1252 1145 1378 1230 Liquet

201 1271 205 1278 ¹
280 1267 326 1310 ex
344 1249 398 1312 bis
419 1250 560 1326 abunde,
580 1240 686 1332 ,longe
710 1251 867 1314 seriorem
892 1246 1050 1332 Trojanis
1073 1247 1279 1329 temporibus
1302 1267 1378 1312 esse

259 1423 263 1429 ⁶
279 1349 378 1419 iilam¹
389 1351 663 1433 appellationem.
707 1351 774 1414 Sed
796 1359 831 1415 et
846 1352 903 1433 qui
918 1369 994 1413 eam
1005 1350 1048 1412 ab
1063 1347 1226 1412 Thessalo
1246 1346 1379 1414 Hercu-

280 1449 323 1514 lis
346 1450 385 1514 F.
400 1451 607 1530 derivabant,
631 1472 697 1516 non
720 1459 831 1518 tamen
855 1451 946 1516 illius
970 1457 1120 1533 tempore
1143 1447 1379 1532 eoeptamssed

282 1550 456 1634 aliquanto
473 1561 553 1637 post
572 1557 615 1618 ab
629 1555 721 1618 illius
742 1554 898 1620 Thessali
913 1543 1056 1637 posteris
1072 1557 1188 1630 ortem,-
1203 1557 1242 1615 et·
1250 1550 1380 1632 regioni

283 1653 333 1734 ab·
344 1671 381 1717 33
394 1663 569 1739 occupetae
582 1660 617 1720 13
630 1657 790 1721 bonorem
805 1655 1026 1740 progenitoris
1042 1653 1382 1730 3311333311331133-

283 1752 417 1819 debant.
449 1757 539 1821 Vide
554 1758 750 1822 Strabonem
766 1759 1070 1821 lib.1x.-extremo.
1103 1754 1203 1820 Adde
1215 1761 1325 1818 autem
1334 1754 1381 1820 iis

284 1851 408 1918 Velleii
423 1858 526 1922 etiam
540 1878 590 1936 ea,
613 1879 691 1941 qnae
713 1877 794 1923 mox
817 1863 978 1928 memoret
1002 1857 1092 1922 idem
1113 1857 1191 1922 de‘
1190 1855 1380 1931 Corintho,

284 1955 410 2019 multo'
431 1960 554 2023 etiam
564 1960 1173 2054 33311133333133]3133333313
1186 1967 1382 2026 31133333

283 2065 399 2123 nostro
419 2060 541 2152 Dictye
555 2065 680 2146 saepius
707 2051 781 2127 3313
795 2063 861 2126 hoc
878 2059 1023 2128 Nomine
1039 2061 1220 2142 designata.
1260 2060 1332 2124 Sed
1348 2067 1383 2134 et

284 2157 351 2222 huc
377 2161 497 2240 resero,
518 2165 642 2248 quod‘
659 2163 844 2246 Corcyram
868 2161 1069 2240 Melaenam,'
1092 2163 1135 2226 ab
1150 2163 1293 2226 AEnea‘
1301 2180 1382 2225 oon·

265 2253 272 2346 Ἰ
285 2259 454 2328 31113133]
454 2267 516 2336 ,ait
541 2284 574 2334 v.
599 2267 685 2330 17.‘
695 2267 868 2330 civitatem
890 2265 954 2341 bis,
979 2265 1039 2346 qui
1063 2283 1178 2328 secum
1199 2266 1381 2346 navigave-

285 2363 378 2428 rant!
422 2365 552 2430 Etenim
569 2367 760 2450 ‘Corcyrae'
782 2387 905 2431 nomen
926 2365 1066 2430 necdum
1092 2366 1211 2430 babuit
1234 2371 1313 2430 tuno
1339 2385 1381 2429 ne

285 2467 459 2558 praecipua
473 2468 606 2548 quidem
623 2469 722 2533 istius
737 2469 881 2533 nominis
902 2467 1026 2544 insula,
1043 2469 1231 2551 saepissime
1243 2468 1324 2531 iicet
1337 2469 1381 2536 ub

274 2553 640 2647 *Homeromemorata
656 2570 714 2632 sed
729 2571 822 2634 (11313
837 2571 880 2633 ab
892 2589 933 2632 eo
946 2567 1070 2654 Σχερία,
1087 2578 1134 2634 et
1140 2569 1318 2632 Φαιάκων
1290 2592 1381 2646 νησος,

287 2673 323 2730 31
337 2675 456 2766 postea
478 2671 650 2749 demum,
640 2691 743 2736 nmmo
766 2673 902 2736 demum
916 2679 1103 2756 postquam
1120 2671 1285 2736 Corinthii
1306 2693 1381 2742 333]

287 2760 470 2848 tennerunt,
486 2771 517 2835 si
535 2770 622 2836 fides
639 2761 778 2850 (iunoni,
789 2771 951 2858 Κερκύρας,
967 2793 1028 2838 333
1045 2772 1241 2858 1’03133333
1263 2792 1384 2837 33333

288 2871 430 2954 aceepit.
475 2872 1234 2956 171113Ρ313331(13333133-..13113333311).
1262 2873 1385 2951 Quod

289 2977 320 3039 si
339 2975 448 3059 major
468 2977 580 3040 insule
596 2977 739 3042 necdum
764 2977 800 3042 id
826 2995 946 3040 nomen
969 2984 1047 3040 tnnc
1071 2977 1230 3058 temporis
1254 2977 1384 3054 habuit,

288 3069 397 3160 neque
424 3079 530 3142 minor
557 3079 620 3143 illa*
641 3087 675 3143 et
699 3081 834 3144 interior
857 3079 890 3142 in
912 3078 1090 3145 Adriatico
1112 3079 1196 3144 meri
1219 3076 1383 3165 babuisse

277 3179 430 3250 ridetur.
460 3234 462 3236 .
475 3179 573 3244 Certe
591 3172 743 3264 epitheto
758 3181 994 3257 distinotionis
1009 3185 1045 3244 ut
1059 3181 1224 3246 diceretur
1238 3180 1386 3264 Corcyra

289 3280 409 3364 Nigra,
422 3301 482 3345 sen
496 3279 640 3360 Μέλαινα,
664 3303 751 3367 opus
765 3303 830 3348 nou
856 3282 1087 3364 ibit-qnando
1111 3283 1204 3348 nulla
1227 3283 1295 3347 3113
1314 3291 1386 3348 erat

288 3383 410 3462 insula,
426 3403 502 3467 quae
519 3385 585 3449 isto
606 3385 740 3449 nomine
757 3384 995 3467 designaretur.
1040 3383 1140 3448 Adde
1149 3384 1234 3467 jam,
1250 3384 1385 3450 Strabo·-

287 3504 363 3550 nem
372 3487 511 3564 tradere
525 3475 647 3552 urbem
655 3489 756 3552 istius
771 3488 901 3565 insulae,
916 3505 982 3551 non
997 3487 1041 3551 ab
1051 3486 1168 3564 AEnea
1179 3486 1273 3551 seda
1289 3485 1386 3552 ‘Gni-

290 3586 376 3650 diis-'
392 3589 572 3666 conditam,
588 3589 741 3654 313315.

332 3701 461 3749 xxvn.
484 3687 589 3752 Porro
614 3697 725 3753 autem
755 3710 858 3773 quam
882 3692 1031 3773 ineptum
1062 3696 1117 3754 est
1138 3695 1185 3754 et
1194 3690 1339 3754 alienum
1365 3709 1386 3754 3

289 3787 429 3872 TroJaui
445 3791 603 3870 temporis
622 3780 797 3888 scriptore,
813 3793 904 3875 qnod
927 3796 1088 3856 memorat
1102 3792 1143 3870 de
1163 3792 1269 3862 literis
1285 3791 1389 3860 Puni·

291 3891 353 3968 eis,
367 3891 410 3954 ab
424 3887 555 3954 Cadmo
580 3878 766 3976 Denaoqne
790 3892 933 3970 traditis,
949 3894 1102 3976 quibus
1092 3913 1126 3956 1n
1149 3892 1389 3958 conscribenda

279 3991 355 4080 ¹bac
383 3990 527 4054 historia
548 4011 631 4055 usus
651 3993 707 4070 sit,
724 3999 756 4056 et
780 3993 856 4056 de‘
869 3993 1066 4058 diversitate
1094 3993 1275 4066 sermonis’
1299 3995 1389 4057 inter

291 4090 446 4170 Graecos,
456 4093 564 4176 ¹immo
580 4099 616 4156 et
629 4094 723 4179 ipsos
736 4093 856 4171 Cretae,
866 4096 963 4158 unius
977 4095 1108 4175 insulae,
1123 4095 1264 4159 incolas.
1295 4093 1389 4160 Nam

292 4191 445 4258 ‘literas'
461 4195 576 4278 utique
592 4193 715 4263 diversi
731 4195 859 4280 generis
874 4214 939 4260 333
952 4195 1148 4287 ‘habuerunt
1162 4193 1387 4279 antiquissimi
