3136 4948
412 405 462 452 os
482 403 667 454 rrrs'rosrs
691 403 803 454 ιιιιιιι
827 405 1004 456 rsorsar.
1203 391 1248 460 29

17 617 19 624 ,
154 547 262 614 sedet
274 567 319 614 es
334 546 421 625 aliis,
436 554 472 612 et
486 547 634 612 maxime
648 565 691 610 ex
708 547 857 630 Sisypho
880 549 965 627 coo,
980 550 1143 632 scriptore
1158 549 1248 634 αιἰιι·

152 648 360 714 demissiore
372 654 409 714 et
421 656 524 725 notre,
541 667 639 731 quem
654 649 823 714 linxerunt
837 650 960 716 Teucri
972 653 1009 716 in
1027 653 1095 715 ista
1110 653 1248 737 expedi·

153 749 243 814 tione
267 751 373 815 ruisse
388 749 564 825 Comitem,
578 755 615 813 et
639 758 714 814 ante
738 750 923 814 Homerum
946 752 1061 816 itidem
1084 753 1247 838 Trojanas

153 869 209 916 res
224 853 410 933 posteritati
425 851 626 933 prodidisse.
670 851 759 915 Vide
783 851 900 914 Malel.
922 872 998 934 pag.
1017 854 1089 920 167.
1116 861 1151 919 et
1173 855 1248 920 168.

155 949 240 1016 lnde
255 971 331 1034 erge
346 951 464 1016 babuit
477 951 623 1014 Malelas
639 950 841 1016 hauddubie
856 971 965 1034 pausa
980 953 1048 1028 illa,
1058 973 1137 1036 quae
1153 957 1249 1020 aliter

152 1071 196 1118 ao
210 1053 395 1134 Septimius
414 1072 460 1117 ex
486 1071 550 1118 sue
572 1052 715 1136 Dictyes
739 1052 959 1136 prenreride
979 1055 1088 1120 refert.
1130 1056 1248 1122 Taceo

152 1155 265 1230 etiam,
279 1153 483 1237 Septimium
500 1154 634 1216 liberius
656 1155 691 1216 in
712 1153 871 1218 vertendo
892 1154 1012 1236 egisse,
1028 1175 1070 1220 ee
1087 1157 1189 1222 modo
1201 1158 1250 1222 in·

152 1255 301 1319 dulsisse
317 1255 459 1320 orationi
475 1257 507 1317 in
522 1257 624 1319 rebus
646 1254 799 1320 disertius
814 1255 1048 1337 explanandis,
1063 1257 1164 1321 modo
1177 1277 1250 1322 nar.

154 1357 314 1422 rationem
337 1375 445 1419 rernm
465 1359 687 1434 contraxisse,
704 1355 866 1422 Malelam
892 1375 984 1434 rere,
1006 1364 1046 1420 ut
1061 1358 1250 1439 saepissime

101 1519 104 1526 .
153 1457 190 1520 in
204 1459 282 1532 aliis
294 1458 379 1521 facit
391 1457 551 1534 historiis,
566 1458 669 1520 etiam
683 1457 738 1521 liic
754 1456 845 1521 hsurl
860 1456 971 1534 dubie,
982 1458 1152 1522 memorias
1167 1458 1250 1524 vitio
1297 1505 1301 1510 -

153 1565 215 1622 ant
228 1558 404 1641 imperitiae
418 1559 533 1640 eulpa,
549 1559 675 1640 saepius
698 1576 847 1638 errasse;
868 1557 1011 1639 denique
1032 1576 1126 1640 saepo
1147 1558 1250 1623 etiam

156 1659 325 1740 utriusque
340 1657 493 1733 librarios
508 1676 619 1722 arere
630 1664 666 1720 et
682 1657 826 1739 genuino
840 1657 948 1738 ipsius
964 1660 1112 1723 aectoris
1127 1659 1253 1724 deflex-

153 1761 236 1822 isse.
259 1831 262 1836 ¹
280 1755 358 1835 Quo
380 1757 499 1834 refero,
522 1759 668 1824 incertas
691 1764 813 1834 tamen,
835 1763 942 1820 ubam
965 1759 1010 1824 sd
1030 1759 1250 1838 librariorum,

152 1879 197 1922 aa
212 1861 329 1942 potius
347 1857 481 1922 Malelse
502 1858 608 1940 ipsius
623 1858 771 1939 culpam,
786 1857 879 1939 quod
900 1859 933 1921 in
953 1859 1055 1922 modo
1069 1865 1252 1924 momenta

156 1959 296 2024 historia
309 1961 448 2025 alteram
459 1959 588 2023 illarum
604 1959 753 2024 Menelai
768 1958 924 2036 affinium,
939 1979 1007 2024 nea
1029 1964 1040 1996 ‘
1049 1959 1253 2044 Clymenen?

157 2068 198 2130 ut,
211 2062 293 2126 sarrit
315 2059 500 2138 Homerus,
513 2059 669 2138 Ovidius,
691 2067 727 2125 et
739 2059 926 2142 Septimius
938 2067 1062 2140 noster,
1076 2061 1138 2126 sed
1154 2059 1253 2145 ‘Gly-

157 2161 404 2226 taemnestrarn’
425 2181 557 2244 semper
572 2167 678 2226 sooet.
711 2159 868 2254 ‘Accedit
880 2161 944 2238 bis,
959 2161 1049 2243 quod
1065 2166 1097 2226 et
1108 2161 1253 2226 Malelsr

155 2282 222 2326 non
233 2259 446 2344 descripserit
456 2261 555 2343 plane
571 2261 708 2342 Dictyn,
718 2259 778 2324 sed
789 2279 919 2324 semma
933 2260 1048 2324 ib'dem
1063 2280 1138 2326 eum
1153 2261 1253 2326 liber-

156 2367 227 2426 tate
241 2381 286 2424 ex
300 2362 459 2430 memoria
471 2361 604 2441 longius
626 2369 687 2424 aut
700 2361 836 2424 brevius
859 2361 930 2423 sois
953 2361 1065 2426 serbis
1078 2380 1133 2424 res
1154 2379 1198 2425 ex
1211 2381 1253 2426 eo

158 2463 310 2544 singulas
331 2461 545 2544 expresserit,
566 2467 603 2526 ut
620 2461 731 2543 liquet
752 2479 797 2523 ex
823 2465 873 2524 tot
894 2461 1044 2524 barbaris
1065 2461 1252 2540 vocabulis,

158 2565 258 2628 sirati
273 2563 399 2645 passim
422 2563 515 2638 alibi,
531 2565 579 2626 ita
606 2563 640 2624 in
662 2561 726 2626 lrao
748 2581 882 2644 quoque
903 2559 1044 2626 historie
1066 2561 1155 2645 apud
1176 2581 1252 2629 enm

157 2663 418 2730 occurrentibus.
463 2661 581 2728 Veluti
597 2660 725 2726 &avidior
738 2660 988 2746 uwfiraevbrpr'rrr,
1005 2663 1080 2730 119.
1100 2661 1253 2748 sparirs‘rw

158 2767 206 2842 τὴν
225 2763 337 2850 χώραν,
353 2765 428 2828 126.
449 2767 477 2826 ἐν
499 2767 542 2848 τῷ
564 2762 621 2848 itip
643 2770 815 2841 παπυλεῶνι,
840 2764 913 2830 127.
934 2762 993 2827 liter
1011 2762 1155 2844 parla‘rrr,
1177 2765 1252 2830 136.

159 2874 192 2934 et
206 2869 284 2945 alia,
302 2887 381 2951 quae
398 2867 603 2932 alienissima
619 2875 696 2934 sunt
710 2887 733 2933 a
749 2866 874 2933 Graeeo
892 2867 1053 2952 temporis
1071 2866 1252 2934 Neroniani

161 2971 334 3051 scriptore.
1243 2971 1245 2978 ’

147 3083 293 3134 ·xrrr.
315 3067 418 3134 Aliud
442 3089 522 3134 vere
543 3071 621 3134 buis
645 3069 818 3134 sententiae
839 3069 1004 3152 opposuit
1018 3067 1083 3132 Vir
1096 3067 1253 3133 dossas.
1352 3091 1354 3096 ’
1467 3093 1469 3100 v

160 3189 245 3246 mus,
260 3169 282 3234 J
285 3190 334 3233 os.
353 3171 535 3247 Meroerus,
558 3177 593 3234 et
616 3189 692 3253 quae
716 3189 794 3234 eum
823 3171 985 3252 sequitur,
1016 3166 1115 3231 Anna
1138 3168 1253 3248 Fabri,
1361 3245 1365 3254 ι

160 3272 328 3335 eredentes
351 3271 486 3354 pariter,
502 3271 628 3354 Diotyn
650 3271 755 3348 illum,
779 3271 901 3355 ‘cujus
916 3269 1042 3338 mentio
1061 3268 1154 3350 apud
1174 3269 1253 3334 Sui.

159 3373 237 3436 dem
252 3380 300 3435 et
326 3371 480 3450 Tremor,
506 3373 608 3436 aliam
629 3391 705 3436 esse
727 3391 749 3436 a
772 3371 911 3448 Nostro,
937 3371 1019 3453 qaia
1040 3371 1130 3451 apud
1158 3371 1252 3436 illum

158 3471 309 3546 OEnone,
324 3471 438 3535 audita
453 3479 557 3538 morte
572 3471 720 3548 Paridis,
737 3471 917 3554 suspendio
939 3471 1086 3552 seipsam
1108 3471 1253 3536 sustule-

159 3573 214 3650 rit,
243 3591 320 3655 quae
349 3573 438 3654 apud
465 3571 624 3636 Nostrum
643 3589 692 3635 ιν.
715 3572 769 3636 21.
795 3589 854 3653 per
879 3589 1054 3636 moerorem
1081 3570 1252 3639 deficiente

160 3677 271 3738 animo
284 3673 492 3738 conciderit!
520 3673 722 3756 Resploiunt
733 3674 842 3738 locum
851 3671 987 3738 Tastris
1002 3671 1045 3736 sd
1059 3672 1253 3756 Lycophro-

161 3795 248 3853 nem,
263 3775 317 3838 61.
331 3775 389 3840 ubi
401 3775 521 3840 dicitur
535 3773 680 3852 OEnone,
690 3795 765 3840 oum
776 3773 1045 3857 deprehendisset
1061 3777 1253 3840 ‘mortuina

155 3875 227 3958 jem
251 3875 364 3954 Parin,
385 3895 423 3940 se
451 3877 560 3959 ipsam
583 3873 774 3952 sustulisse,
789 3875 845 3942 vel
868 3874 1049 3942 seeundum
1071 3871 1253 3949 Ceintunr,'

51 4006 55 4014 ·
160 3981 311 4058 (quem-a
323 3977 452 4056 Quinto
467 3977 611 4042 Calabro
625 3982 783 4060 tanquam
799 3976 963 4040 diversum
979 3973 1066 4037 male
1079 3973 1253 4053 distinguit

162 4077 272 4156 Anne,
284 4085 401 4145 nomos
413 4078 456 4143 ed
469 4097 517 4142 rv.
526 4079 579 4144 21.
602 4083 613 4114 ‘
626 4077 781 4144 Cointum
794 4075 928 4142 secutas
940 4073 986 4152 Q.
997 4071 1160 4150 Calaber,’
1175 4091 1252 4137 eum

162 4179 427 4263 unes-idemque
451 4180 562 4258 faerit,
593 4180 635 4244 de
664 4197 731 4262 quo
753 4177 853 4242 velim
882 4175 997 4246 videas
1022 4191 1100 4256 quse
1125 4176 1254 4240 notarit
