3136 4948
353 752 458 842 uu
509 706 669 844 ruri
722 729 1101 868 Excrnro',

418 1019 488 1084 EX
510 1020 726 1086 JOSEPHO
754 1022 1037 1102 SCALIGERO,

307 1192 360 1240 DE
392 1194 707 1246 nmsnusrloun
738 1195 978 1247 rumorum
1012 1197 1090 1248 utu.
1119 1197 1151 1244 V.

183 1594 420 1686 Posruuuos
447 1641 553 1687 annos
576 1622 718 1706 Mythici
746 1624 902 1705 temporis
928 1628 1056 1688 veteres
1085 1623 1273 1706 Scriptores

182 1722 330 1786 certatim
345 1722 477 1787 definire
492 1725 677 1800 voluerunt,
691 1723 784 1805 quod
801 1724 869 1787 siut
884 1725 1053 1788 memoriae
1076 1725 1274 1807 scriptorum

182 1823 341 1904 proximi,
353 1831 390 1887 ut
406 1825 521 1889 scribit
536 1822 746 1887 Censorinus.
769 1824 836 1887 Sed
847 1843 949 1907 quare
965 1827 1037 1909 ipse
1052 1843 1112 1888 eos
1127 1823 1275 1888 deducet

182 1924 225 1986 eb
253 1922 369 1987 Inachi
391 1943 493 2006 regno
515 1925 558 1988 ad
588 1927 731 2008 primani
754 1923 1001 2007 Olympiadem,
1030 1943 1097 1990 non
1120 1930 1229 1988 autem
1252 1941 1275 1988 u

182 2029 283 2104 cepto
300 2023 374 2100 llio,
389 2033 427 2088 ut
442 2026 574 2106 reliqui,
591 2043 730 2090 cousom
746 2045 810 2089 nou
826 2026 937 2107 capio·
982 2025 1062 2090 Non
1076 2031 1192 2107 potest
1206 2023 1274 2088 dici

182 2141 280 2204 quam
295 2127 397 2188 variis
417 2125 556 2206 judiciis
570 2127 613 2190 lis
637 2126 803 2190 ventilata
818 2127 871 2190 sit.
917 2125 960 2190 Et
974 2124 1109 2208 quidem
1125 2124 1273 2188 omnium

182 2225 362 2287 'sententias
378 2225 413 2286 in
436 2225 578 2304 medium
600 2224 715 2288 offerre
730 2226 946 2288 ambitiosum
961 2231 1023 2289 est.
1046 2225 1170 2306 Neque
1186 2223 1274 2288 enim

181 2341 307 2385 errores
321 2323 450 2386 alienos
465 2324 715 2405 triumphamus,
731 2323 792 2386 sed
806 2331 966 2405 quantum
986 2329 1099 2407 potest
1113 2324 1185 2386 fieri
1209 2325 1274 2388 tol-

183 2420 293 2484 limus.
338 2420 389 2484 Ea
403 2421 502 2501 igitur
517 2429 569 2487 est
582 2421 811 2486 Tetrseteridis
827 2422 958 2486 Grsecae
979 2424 1215 2500 commoditas,
1237 2429 1275 2488 ut

181 2540 226 2584 ex
242 2520 297 2584 die
310 2523 445 2585 mensis
474 2522 601 2585 sciatur
623 2529 731 2602 quotu
756 2522 802 2584 sit
823 2521 996 2603 Prytanis,
1021 2521 1123 2585 modo
1145 2527 1274 2588 constet

95 2702 99 2709 Ι
181 2627 304 2704 quotus
320 2624 364 2686 sit
386 2640 492 2686 annus
516 2621 752 2686 Tetreeteridis.
791 2620 931 2699 ¹Contra,
947 2621 1035 2686 datis
1050 2622 1169 2686 diebus
1183 2637 1274 2686 meu-¹

182 2723 230 2786 sis
246 2727 279 2785 ot
293 2721 483 2804 Prytauies,
498 2721 766 2803 deprehenditur,
784 2730 910 2803 quotus
931 2725 975 2786 sit
990 2741 1094 2786 eunus
1109 2723 1273 2787 Tetraeto·

180 2822 274 2886 ridis.
316 2819 416 2885 Utin
437 2821 583 2885 Decreto
605 2819 863 2886 Atheniensium
888 2822 923 2884 in
946 2824 1086 2903 gretiam
1103 2823 1271 2888 Zenonis:

180 2921 249 2984 Ἔτ’
262 2919 405 3006 Αῤῥενῖδου
432 2918 581 3004 ἄρχοντος,
606 2918 651 2982 ἐπὶ
671 2925 720 2996 τῆς
742 2917 945 3001 Ἀκαμαντίδος
958 2919 1084 3002 πέμπτης
1098 2921 1273 3007 τςντανοῖας,

183 3029 446 3109 Μαιμακτηριῶνος·
467 3019 568 3106 δεκάτῃ
595 3017 709 3105 ὑστέρᾳ,
730 3019 809 3106 τρίτῃ
831 3022 879 3083 καὶ
900 3025 1012 3107 εἰκοστῇ
1026 3026 1074 3097 τῆς
1099 3024 1272 3107 πρυτανείας.

180 3125 230 3188 Ut
254 3126 412 3189 vicesima
427 3125 552 3187 mensis
567 3121 848 3186 Maemocteriouis
863 3124 1036 3206 popularis
1051 3125 1097 3187 sit
1111 3125 1272 3190 vicesima

133 3271 135 3276 -
180 3225 280 3289 tertia
294 3221 556 3308 Prytanius,hoc
570 3242 637 3287 non
649 3229 767 3306 potest
782 3224 971 3305 contingere
979 3224 1045 3287 nisi
1060 3241 1147 3288 nuno
1162 3225 1270 3306 primo

179 3325 417 3388 Tetraeteridis.
459 3323 557 3386 Tunc
580 3323 670 3386 eninr
686 3337 830 3384 xxvur.
852 3323 1098 3406 Pyanepsiouis
1111 3329 1163 3386 est
1176 3325 1271 3388 novi·

179 3424 316 3486 lunium.
361 3423 443 3486 Ideo
460 3437 530 3484 xx.
553 3421 840 3485 Maemecterionis
861 3427 914 3484 cst
934 3435 1053 3484 xxru.
1081 3419 1270 3502 Prytenias‚

179 3540 281 3606 quere
291 3521 450 3586 audacter
459 3519 1029 3604 possumusdicere,illuddecretum
1040 3519 1154 3583 datum
1163 3520 1269 3589 luisse

180 3639 269 3684 anno
284 3621 392 3702 primo
406 3619 634 3684 Tetraeteridis
648 3618 783 3698 Atticae.
826 3618 928 3698 Quod
944 3621 973 3685 si
989 3626 1088 3703 quota
1102 3629 1192 3685 esset
1205 3622 1270 3688 Te·

179 3721 318 3786 traetcris
341 3721 468 3801 periodi
486 3719 610 3786 Atticae
626 3722 799 3798 sciremus,
812 3728 846 3785 et
864 3721 951 3786 diem
966 3739 1077 3784 verum
1091 3721 1127 3784 in
1142 3721 1269 3786 Kolen-

180 3823 273 3886 durio
302 3821 439 3885 Juliano
462 3821 539 3885 dure
567 3841 757 3905 possemus.
802 3822 924 3906 Itaque
948 3820 1098 3886 videmus
1123 3838 1198 3903 qum
1225 3824 1270 3888 sit

178 3923 306 3986 utilitas
330 3922 408 3984 euni
422 3920 531 3986 Attici
546 3929 580 3985 et
605 3921 774 4005 Olympici
790 3921 834 3986 ad
856 3921 1062 3985 notationem
1082 3925 1268 4002 temporum

177 4025 210 4087 in
224 4021 495 4087 rebus-Graeciae.
540 4020 653 4100 Quare
661 4024 825 4105 ignoratio
839 4023 938 4087 istius
953 4021 1069 4084 formes
1085 4037 1147 4083 non
1159 4021 1268 4085 solum

177 4123 253 4187 huic
275 4123 415 4200 soeculo,
429 4123 490 4187 ¹sed
504 4127 537 4187 et
549 4123 669 4206 priscis
687 4123 897 4206 temporibus
910 4122 1065 4186 nocebat·
1108 4119 1163 4184 Ex
1186 4120 1267 4186 doc·
