3136 4948
281 410 327 477 42
545 421 629 472 nro.
654 416 847 485 rrnrnonrr
872 415 1120 466 nrserrrrmo

281 572 325 637 de
349 563 500 634 ‘AEtlrm’
523 566 645 631 conire
672 563 825 638 Heleno,
840 578 918 643 qum
940 557 1037 623 inerit
1057 561 1163 622 muter
1185 555 1322 634 Thesei,
1345 562 1383 622 et

282 693 362 758 qne
377 671 453 736 ideo
468 665 725 752 Demophoonti
739 663 865 728 Thesei
882 661 920 724 F.
933 663 1029 724 extre
1039 657 1188 724 ordinem
1194 658 1384 740 assignate,

284 793 336 839 ιν.
351 773 406 838 13.
425 771 557 836 redierit
575 773 653 852 post
668 773 806 849 ouptrrm
825 763 965 847 'frojam
980 760 1144 838 Athenas,
1158 759 1250 843 qnod
1264 778 1287 824 a
1301 779 1382 826 vero

177 939 179 945 ⁴
282 883 333 941 ent
347 874 599 947 alienissimum,
609 877 645 933 et
655 868 731 932 ideu
742 867 814 951 jem
829 865 874 929 ub
888 865 974 946 ipsis
984 861 1165 928 Veteribus
1179 860 1381 944 explosum:

281 977 323 1042 de
335 981 345 1012 ‘
357 974 495 1040 Castore
508 977 543 1037 et
566 969 728 1047 Porrnee:
751 968 894 1032 Helenes
913 964 1085 1042 frutribus,
1108 963 1217 1027 udhne
1236 953 1384 1027 virenti·

281 1079 346 1142 bns
361 1083 512 1154 extremo
525 1071 604 1138 belli
619 1069 759 1156 Trojnni
774 1087 874 1146 anno,
887 1083 947 1132 ιιι.
959 1065 1012 1131 2⁵.
1027 1065 1073 1129 de
1100 1063 1282 1128 Memnone
1305 1062 1383 1127 ‘'li-

281 1179 378 1245 tlroni
395 1187 499 1262 utque
521 1171 683 1251 Aururre,'
705 1191 777 1248 seu,
792 1177 832 1236 ut
853 1170 904 1234 nit
919 1185 970 1232 vr.
995 1169 1050 1232 10.
1073 1163 1274 1230 ‘Hemeree'
1295 1164 1383 1242 filio,

280 1282 341 1365 qni
355 1285 452 1345 ‘cnm
465 1279 564 1343 Indis
573 1283 674 1360 utque
683 1273 902 1357 AEtlriopibns
915 1273 959 1336 ab
973 1271 1067 1355 jugis
1083 1269 1229 1336 cunensi
1240 1267 1383 1334 montis'

281 1381 421 1465 Trojern
444 1381 585 1457 venerit,
601 1395 653 1444 ιν.
669 1383 700 1442 Δ.
743 1375 833 1440 Τιιιιι
851 1373 942 1458 qnod
965 1374 1005 1438 Io
1026 1372 1108 1437 dicit
1130 1376 1196 1435 ‘ex
1222 1370 1383 1436 Sidonio-

280 1503 354 1548 rum
369 1484 500 1564 regione
513 1481 522 1510 ’
543 1486 675 1564 raptum
689 1480 732 1544 ub
744 1478 880 1561 Argivis
895 1493 935 1540 ιι.
955 1476 1009 1541 26.
1024 1476 1113 1559 quod
1129 1493 1176 1539 ex
1188 1471 1382 1550 Herodoto,

280 1603 379 1667 quern
394 1584 455 1647 lib.
469 1599 493 1646 ι.
509 1585 588 1665 ipso
604 1583 639 1646 in
654 1580 752 1644 initio
768 1579 887 1645 videus
902 1579 1015 1656 velim,
1030 1583 1065 1642 et
1084 1595 1160 1642 cnm
1174 1582 1285 1641 nuato
1300 1593 1383 1640 eun·

280 1687 379 1763 teres,
395 1687 554 1753 aberrem
569 1683 675 1747 nostri
691 1681 841 1746 auctoris
861 1680 1024 1745 memorie
1043 1678 1175 1744 videtur
1199 1677 1381 1742 sumsisset

281 1788 427 1872 deniqne
440 1787 531 1871 quud
544 1785 732 1868 Telephum
745 1785 829 1848 tueit
842 1783 996 1864 Rogant
1007 1779 1163 1848 Huestue'
1178 1782 1213 1845 in
1230 1778 1381 1863 Europe,

281 1889 369 1952 unde
383 1888 533 1954 difficilis
556 1891 648 1952 esset
671 1886 845 1969 nauigatio
860 1884 999 1969 Trojem
1021 1901 1150 1961 versus,
1171 1901 1233 1948 neo
1245 1881 1379 1946 institui

259 1990 459 2070 ,commode
484 1995 602 2073 posset
629 1989 696 2052 nisi
721 1988 819 2052 initio
843 1987 945 2058 veris,
968 1992 1173 2070 quapropter
1202 1991 1237 2049 et
1266 1983 1381 2050 Graeci

279 2092 357 2156 inde
379 2089 535 2156 redierint
549 2092 582 2158 in
598 2070 780 2166 lloeutiem,
795 2096 833 2152 ut
846 2088 1055 2171 ite'seqnenti
1070 2087 1204 2152 demum
1215 2105 1314 2164 anno,
1328 2105 1382 2150 re-

279 2191 431 2276 petentes
443 2193 528 2257 nunc
539 2191 797 2274 navigationem,
808 2188 947 2273 'l'rujum
962 2190 1072 2272 ipsum
1084 2187 1276 2254 invaderent
1291 2203 1330 2251 ιι.
1344 2190 1379 2254 7.

279 2310 356 2358 cunr
368 2293 466 2364 fuerit
476 2293 537 2358 ille
559 2292 638 2357 Rex
654 2291 777 2376 Mysius
792 2292 828 2359 in
843 2289 941 2369 Asin,
970 2291 1114 2375 regionis
1129 2311 1206 2374 quse
1221 2291 1380 2374 proximu

279 2401 350 2459 erut
363 2395 488 2479 Trojue.
532 2391 623 2458 Vide
645 2394 695 2458 ibi
716 2392 857 2458 doctiss.
880 2391 1079 2474 Mercerum,
1096 2393 1154 2476 qui
1168 2398 1204 2455 et
1217 2392 1285 2458 ulie
1299 2411 1381 2476 pes·

280 2497 343 2560 sim
359 2497 544 2572 annotavit,
560 2497 662 2579 inque
681 2495 726 2559 iis
747 2496 849 2560 etium
870 2497 959 2559 mele
972 2514 1020 2559 ex
1035 2493 1186 2559 Homero
1198 2494 1379 2579 descripta.

279 2595 329 2660 Ut
342 2597 427 2660 eden
443 2602 567 2661 eertum
591 2613 638 2659 ex
652 2595 749 2660 hisee
762 2595 915 2662 omnibns
930 2596 985 2672 sit,
1007 2595 1113 2660 inisse
1134 2615 1212 2660 enm
1226 2615 1293 2660 nun
1308 2617 1380 2662 rno-

280 2696 325 2762 do
346 2715 412 2761 non
439 2697 570 2761 socium
598 2697 695 2762 istius
723 2685 958 2786 expeditionis,
987 2717 1058 2781 quo
1080 2707 1184 2782 puoto
1208 2704 1273 2764 turn
1303 2717 1380 2780 grn-

279 2799 365 2863 viter
379 2801 413 2864 in
432 2799 500 2864 illis
522 2817 628 2863 errare
651 2817 720 2862 nnn
736 2801 915 2882 potuisset,
930 2799 989 2864 sed
1005 2801 1084 2883 ipsu
1101 2800 1200 2865 etium
1229 2800 1379 2866 Homero

280 2903 450 2966 seriorem.

323 3019 436 3066 xxiv.
459 3003 567 3068 Porro
590 3003 692 3066 etium
711 3001 958 3085 quamplurima
978 3003 1154 3088 politanum
1177 3013 1378 3085 commenta,

278 3105 361 3168 nihil
375 3108 447 3170 veri
463 3105 674 3182 eontinentie,
686 3110 720 3169 et
734 3112 847 3170 tumen
861 3105 930 3182 hic,
945 3108 975 3170 si
995 3107 1070 3172 Diis
1085 3108 1209 3190 pluoet,
1225 3127 1378 3191 provere

278 3208 377 3272 nobie
399 3208 581 3286 venditata,
605 3209 839 3274 anctoritatem
858 3209 945 3293 ejus,
967 3215 1003 3272 et
1024 3211 1172 3274 maxime
1195 3211 1378 3293 antiqnita-

278 3315 347 3376 tom
362 3317 503 3387 tantum,
519 3329 659 3392 prorsus
680 3310 812 3376 elevent
832 3316 866 3376 et
886 3310 1069 3376 destruunt.
1113 3313 1199 3376 Tale
1222 3321 1275 3376 est
1297 3313 1378 3377 Pel·

277 3411 414 3488 ludium,
428 3432 494 3496 quo
511 3412 623 3476 ableto
644 3412 784 3477 exitium
806 3411 921 3497 Trojae
943 3413 1154 3480 immineret:
1180 3415 1298 3496 Equus
1314 3415 1376 3498 lig·

277 3531 368 3589 nens,
391 3514 488 3597 cnjus
510 3516 543 3578 in
566 3515 681 3578 urbem
704 3513 884 3580 inducendi
911 3533 1015 3580 ceusu
1039 3516 1176 3600 TroJani
1199 3517 1376 3582 confestim

276 3613 385 3696 primo
400 3614 465 3690 dle,
481 3615 580 3696 quasi
592 3634 748 3696 magnum
763 3616 797 3678 in
811 3635 907 3680 mure
921 3617 1108 3700 perieulum
1123 3625 1224 3694 esset,
1246 3624 1376 3700 portum

277 3719 311 3776 et
325 3733 439 3778 muros
462 3715 558 3778 urbis
580 3715 786 3799 dejecerint:
810 3717 900 3782 Muri
924 3719 959 3782 hi
983 3719 1062 3802 ipsi,
1085 3718 1260 3802 ‘Neptuni
1277 3727 1377 3804 utque

277 3815 451 3898 Apollinis
464 3815 699 3894 monumentu,'
713 3817 780 3884 hoc
794 3826 857 3892 est,
872 3821 914 3884 ab
929 3820 998 3884 illis
1015 3821 1103 3898 Diis,
1119 3829 1156 3886 nt
1177 3821 1375 3903 fingebatur,

277 3916 462 3981 exstruutir
486 3915 632 3981 Hecube
659 3917 761 3982 Parin
783 3919 925 3997 editum,
940 3925 1112 3987 somnians
1134 3943 1171 3986 se
1194 3941 1311 4006 parere
1325 3923 1376 3987 fu·

275 4027 361 4094 cem,
378 4037 447 4100 qnu
462 4015 716 4100 conflagraverit
729 4019 844 4104 Troju,
861 4025 1013 4106 exceptis
1036 4025 1167 4089 aedibns
1191 4024 1375 4088 Antenoris

275 4126 310 4184 et
325 4121 455 4198 AEneae,
472 4119 614 4204 ideoque
629 4123 808 4206 expositus
832 4132 911 4189 tune
928 4125 1037 4204 Puris,
1058 4127 1162 4210 idque
1185 4134 1304 4210 postea
1327 4147 1377 4191 re·

275 4221 385 4286 terens
401 4223 474 4304 ipse
490 4223 645 4289 Priamus
662 4245 670 4290 r
695 4225 848 4292 Helenus
867 4227 993 4294 Priami
1011 4227 1048 4291 F.
1065 4231 1132 4294 sete
1148 4227 1260 4311 Trojae·
1276 4247 1376 4294 euun·
