3112 4950
277 341 344 410 28⁴
633 327 796 402 orciuos
819 349 1029 400 caurensis

277 499 467 584 persuadet,
482 497 534 562 uti
547 495 651 560 filium
665 495 844 560 Hectoris³
857 501 971 559 necet:
982 499 1128 560 ceterum
1138 491 1376 562 Andromache

207 648 210 654 ,
277 621 313 669 re
338 601 480 684 cognita,
494 598 647 663 instantis
674 597 820 680 periculi
838 596 905 661 vim
932 595 1141 678 subterfugit,
1163 597 1291 662 auxilio
1317 617 1377 678 po·

277 702 443 786 palatium
468 703 624 766 liberate:
648 701 717 783 qui,
742 700 891 764 miserati
912 698 1059 764 fortunas
1082 699 1166 781 ejus,
1190 700 1277 764 ultro
1300 698 1375 762 Me·

277 806 408 870 belaum
434 804 645 876 contumeliis
670 805 848 884 prosecuti,
874 803 932 868 vix
958 822 978 866 a
1003 802 1150 884 pernicie
1172 802 1236 866 viri
1259 803 1377 868 retenti

277 913 364 972 snut.
408 907 490 989 [la]
512 907 648 972 Interim
665 905 803 969 Orestes
827 905 1007 970 adveniens
1030 923 1097 968 rem
1117 908 1272 968 cunctam
1296 923 1376 986 cog·

276 1009 398 1086 noscit,
427 1010 574 1074 bortatur
597 1007 799 1085 Menelaum,
822 1009 871 1072 uti
892 1013 1005 1089 ooepta
1026 1013 1209 1090 perageret,
1231 1006 1374 1089 ipseque

275 1110 394 1175 dolens
421 1115 624 1194 praereptum
649 1110 717 1175 sibi
742 1129 764 1174 e
786 1110 1014 1194 Neoptolemo
1041 1108 1238 1172 Hermionae
1263 1108 1373 1170 matri-

277 1214 436 1291 monium,
451 1213 590 1278 insidias
604 1212 795 1277 advenienti
811 1219 928 1296 parare
945 1212 1083 1294 occipit.
1128 1210 1248 1294 Itaque
1264 1211 1372 1292 primo

276 1332 320 1378 ex
347 1314 399 1378 bis
418 1334 506 1397 quos
530 1333 646 1380 secum
670 1315 814 1378 habebat
837 1334 936 1398 quam
963 1313 1145 1376 fidissimos
1166 1312 1373 1394 speculatum
1462 1357 1464 1362 ,

276 1413 319 1476 de
345 1415 489 1479 adventu
516 1415 729 1498 Neoptolemi
756 1415 912 1497 Delphos
937 1417 1046 1478 mittit.
1105 1408 1194 1490 Quis
1220 1414 1375 1497 cognitis,

278 1514 467 1600 Menelaus,
478 1517 584 1582 vitare
593 1518 963 1600 hujuscemodifaoinus
972 1519 1120 1600 cupiens,
1129 1517 1287 1598 Spartam
1297 1535 1375 1580 con·

276 1618 378 1682 cedit.
422 1619 488 1682 Sed
504 1619 567 1696 illi,
583 1619 640 1701 qui
654 1620 821 1701 praemissi
836 1618 1375 1702 erant,regressiNeoptolemum

277 1719 421 1803 Delphis
447 1739 522 1784 esse
547 1726 673 1803 negant.
719 1719 832 1797 Quare
855 1727 994 1786 coactus
1015 1721 1151 1785 Orestes
1175 1722 1248 1804 ipse
1264 1721 1374 1786 adin·

276 1824 493 1904 quisitionem
509 1824 571 1888 viri
587 1823 766 1905 profectos.
789 1841 855 1905 qua
870 1823 953 1887 ierat
976 1823 1030 1886 die
1050 1830 1199 1898 remeat?
1213 1829 1251 1885 ut
1266 1839 1373 1885 sermo

277 1924 447 1988 hominum
471 1925 647 2001 ferebatur,
668 1925 800 2004 negotio
822 1923 985 2007 perfecto.
1032 1924 1120 1986 Dein
1143 1929 1222 2007 post
1243 1941 1372 2006 paucos

276 2025 350 2090 dies
366 2026 455 2090 lama
470 2025 642 2110 perfertur,
665 2026 821 2090 interisse
843 2017 1119 2110 Neoptolemum:
1142 2045 1284 2108 eumque
1308 2044 1375 2088 ser·

275 2146 372 2191 mone
387 2129 531 2192 omnium
547 2129 806 2193 circumventum
822 2129 954 2192 insidiis
972 2129 1100 2194 Orestis
1123 2147 1182 2211 per
1208 2127 1372 2210 populum

276 2227 525 2294 disseminatur.
569 2231 622 2294 Ita
643 2231 788 2314 juvenis,
813 2232 871 2294 ubi
896 2230 938 2294 de
955 2229 1080 2312 Pyrrho
1102 2229 1216 2313 palam
1240 2233 1302 2305 est,
1324 2248 1373 2290 re·

276 2335 374 2414 cepta
391 2331 587 2409 Hermiona,
611 2352 686 2415 quae
704 2333 770 2396 sibi
792 2340 890 2398 antea
914 2335 1082 2414 desponsa
1098 2340 1187 2414 erat,
1205 2332 1373 2412 Mycenas

276 2430 429 2499 discedit.
466 2433 604 2498 Interim
620 2434 745 2498 Peleus
760 2455 836 2500 oum
849 2435 1000 2512 Thetide,
1014 2435 1158 2516 cognito,
1178 2435 1310 2517 nepotis
1324 2433 1372 2496 in-

274 2535 387 2614 teritu,
415 2536 458 2600 ad
480 2538 765 2618 investigationem
788 2539 859 2622 ejus
873 2538 1025 2622 profecti,
1049 2542 1257 2618 cognoscunt
1273 2535 1373 2618 juve·

274 2657 349 2702 nem
365 2637 506 2722 Delphis
522 2637 715 2722 sepultum.b
737 2640 803 2718 Ibi,
818 2647 856 2704 ut
869 2659 944 2704 mos
959 2644 1039 2716 erat,
1049 2639 1145 2722 justa
1160 2637 1372 2720 persolvunt:

274 2745 548 2822 cognoscuntque
573 2740 608 2802 in
622 2740 674 2802 his
689 2741 776 2804 locis
797 2743 961 2817 interisse,
983 2742 1040 2804 ubi
1055 2743 1149 2806 visus
1165 2739 1304 2804 Orestes
1318 2759 1373 2804 ne·

274 2839 425 2922 gebatur.
470 2837 522 2903 Ea
542 2859 594 2903 res
615 2861 676 2924 per
702 2843 867 2924 populum
889 2842 977 2906 haud
1005 2843 1148 2911 credita:
1179 2843 1264 2906 adeo
1289 2863 1371 2926 prae·

275 2946 387 3004 sumta
403 2945 481 3004 aute
498 2939 570 3022 jum
585 2943 699 3024 opinio
722 2944 764 3008 de
780 2933 908 3009 Orestis
933 2944 1066 3008 insidiis
1089 2951 1285 3010 cunctorum
1302 2945 1371 3012 ania

273 3042 338 3104 mis
367 3041 552 3105 inhaeserat.
598 3041 754 3108 Ceterum
779 3045 908 3124 Thetis,
939 3047 996 3110 ubi
1011 3045 1228 3110 Hermionam
1259 3045 1372 3110 Oresti

269 3141 424 3227 junctam
441 3141 544 3221 videt,
560 3142 843 3225 Andromacham,
865 3154 963 3232 partu
979 3148 1174 3232 gravidamc
1197 3169 1241 3213 ex
1256 3148 1371 3234 Neop-

767 3347 874 3398 NOTAE

304 3462 315 3488 ¹
333 3455 377 3504 Uti
386 3455 468 3520 sitiam
481 3455 607 3522 Hectoris]
623 3457 706 3509 Immo
718 3460 804 3522 potins
843 3459 904 3523 tom]
915 3459 1051 3524 Euripides
1058 3461 1149 3512 scribit
1158 3461 1241 3526 ipsum
1252 3455 1371 3527 Poleam,

273 3527 443 3594 Neoptolemi
454 3533 604 3584 Molossum.
843 3537 941 3586 rnonitu
957 3538 1083 3599 Thetidis,
1100 3539 1168 3600 apud
1186 3539 1301 3604 Delphos
1321 3543 1372 3591 Ne·

304 3613 316 3638 ²
334 3606 388 3661 Quo
399 3606 461 3654 ierat
471 3608 510 3656 die
520 3609 622 3673 remeat]
640 3609 699 3660 Non
716 3612 803 3674 potuit
842 3613 1000 3676 optolemum
1012 3614 1142 3676 sepelisse.
1163 3613 1242 3678 Apud
1256 3615 1372 3680 Delphos

271 3693 335 3746 ergo
356 3680 471 3744 Delphos
490 3683 642 3744 pervenire3
671 3700 686 3733 s
707 3687 803 3736 Phthia
843 3696 928 3740 autern
940 3687 1165 3760 sepulturo'fuisse
1181 3705 1269 3742 omnes
1283 3699 1371 3744 sueto·

271 3757 340 3808 enirn
351 3756 801 3826 Delphosusqnelongiorvieqoanr
842 3779 882 3814 res
909 3766 1022 3826 tradunt,
1044 3773 1141 3829 prater
1163 3766 1308 3832 Hyginum,
1328 3769 1371 3834 qui

270 3845 328 3900 qnae
340 3832 383 3880 die
397 3846 446 3880 nno
458 3841 504 3881 sot
515 3834 598 3882 altero
609 3834 702 3884 confici
714 3845 801 3902 quent.
841 3839 1060 3892 subpraestitis
1072 3843 1126 3905 ejus
1138 3857 1194 3892 osor
1206 3857 1255 3906 per
1264 3842 1371 3894 Ambra·

272 3906 314 3956 Ab
343 3907 466 3970 Euripide
493 3908 572 3972 igitur
599 3909 729 3968 dissentit,
757 3913 801 3978 qni
840 3916 905 3966 ciam
928 3931 1018 3980 sparse
1036 3915 1129 3967 fuisse:
1155 3925 1183 3968 et
1202 3918 1324 3982 Ovidius,
1346 3921 1370 3986 in

271 3983 360 4034 scribit
378 3984 585 4048 Neoptolemum,
597 3985 623 4034 in
637 3985 692 4052 ipso
704 3990 801 4052 templo
841 3989 882 4041 lb.
908 3993 980 4041 ‘Neo
999 3998 1044 4040 tua
1064 4006 1139 4056 quam
1156 3991 1252 4056 Pyrrhi
1269 3991 1369 4044 felicius

273 4055 414 4124 Delphico,
436 4059 468 4108 sb
489 4059 584 4110 Oreste
603 4067 630 4111 et
651 4061 708 4114 eliis
731 4065 800 4114 occi·
842 4067 1371 4132 ossaqulescant,SprrssperAmbracias
1466 4071 1469 4078 '

273 4145 338 4183 snm.
839 4140 1092 4208 quaejaeuerevias!

304 4208 317 4246 ὓ
334 4209 711 4278 emmeramensem
722 4215 798 4280 nepot
871 4219 978 4268 ‘Parta
988 4216 1127 4283 praten]
1154 4216 1251 4284 Pyrrhi
1270 4225 1298 4272 et
1315 4219 1368 4271 An·
