3178 4948
471 367 663 416 nrssnno
687 366 857 416 usurario
882 368 955 418 nin.
979 369 1005 416 ι.
1239 355 1283 428 ns

192 525 293 592 quarn
310 506 445 572 Cretam
459 510 589 580 nuntius
608 510 709 587 venit,
724 516 759 573 et
772 516 913 589 cuncta,³
935 532 1010 594 quae
1026 513 1069 576 ab
1084 510 1281 576 Alexandro

192 608 355 678 adversus
383 609 514 672 domum
537 609 682 676 Menelai
711 613 890 675 commissa
914 619 1020 690 erant,
1050 615 1190 696 apernit,
1222 633 1283 695 per

192 727 323 773 omnem
337 710 493 788 insulam,
518 713 606 776 sicut
625 713 658 776 in
673 713 734 779 tali
746 732 781 775 re
797 712 868 776 lieri
883 720 998 790 amat,g
1017 714 1106 778 fama
1121 717 1153 778 in
1175 714 1283 796 majus

191 807 397 895 divulgatur:
419 817 643 893 expugnatam
659 813 784 896 quippe
805 814 939 876 domum
954 815 1051 894 regis,
1064 833 1281 896 eversumque

190 926 334 988 regnum,
357 917 391 972 et
406 911 473 974 alia
487 913 523 974 in
539 913 642 975 talem
661 913 795 976 modum
818 913 938 994 singuli
961 912 1190 976 disserebant·
1221 911 1282 996 [4.]

191 1005 325 1084 Quibus
341 1011 485 1091 cognitis
498 1009 687 1087 Menelaus,
701 1013 765 1076 etsi
777 1013 956 1076 abstractio
972 1013 1124 1095 conjugis
1136 1014 1283 1076 animum

190 1115 407 1189 permoverat,
436 1111 541 1174 multo
567 1113 712 1193 amplius
738 1116 847 1175 tamen
874 1113 918 1176 ob
944 1113 1101 1197 injuriam
1126 1112 1282 1193 affinium,

189 1228 275 1292 quas
297 1225 398 1292 supra
415 1211 683 1288 memora-vimus,
707 1212 987 1277 consternabatur.
1030 1211 1080 1278 At
1101 1214 1159 1276 ubi
1180 1215 1283 1276 anim·

190 1309 334 1374 advertit
353 1310 564 1388 Palamedes,
590 1331 701 1392 regem
723 1312 773 1374 ira
795 1319 898 1394 atque
920 1312 1145 1394 indignatione
1168 1319 1284 1396 stupe·

130 1467 135 1470 .
188 1411 327 1489 sactum,
353 1411 494 1476 consilio
518 1413 698 1490 excidisse,
720 1413 794 1496 ipse
811 1433 913 1478 naves
935 1421 1044 1497 parat,
1068 1421 1169 1498 atque
1192 1418 1283 1480 omni

189 1511 402 1576 instrumento
417 1509 623 1596 compositas
639 1521 733 1578 terrae
756 1515 916 1598 applicat·
961 1515 1049 1578 Dein
1061 1535 1123 1598 pro
1134 1522 1282 1600 tempore

189 1631 296 1695 regem
310 1614 453 1678 breviter
468 1613 681 1690 consolatus,
690 1615 813 1696 positis
827 1614 926 1678 etiam
938 1634 981 1677 ex
997 1613 1189 1694 divisione,¹²
1204 1637 1281 1701 qnae

189 1715 225 1776 in
241 1715 300 1778 tali
311 1716 444 1796 negotio
454 1715 673 1797 patiebatur
685 1735 803 1779 navem
816 1716 997 1779 ascendere
1006 1716 1106 1780 lacit:
1121 1720 1221 1799 atque
1234 1718 1283 1782 ita

189 1815 299 1878 ventis
315 1835 359 1878 ex
382 1817 547 1881 sententia
570 1815 737 1893 flantibus,
758 1818 877 1902 paucis
898 1817 1019 1892 diebus
1039 1817 1193 1900 Spartam
1209 1837 1283 1900 per-

134 1929 137 1936 ·
188 1935 319 1980 venere.
362 1917 415 1980 Eo
427 1917 500 1999 jam
513 1915 741 1998 Agamemnon
757 1922 791 1982 et
806 1917 941 1994 Nestor,
955 1937 1139 2003 omnesque
1153 1915 1226 2001 quii
1239 1937 1283 1984 ex

187 2018 313 2098 origine
330 2018 467 2101 Pelopis
485 2020 526 2081 in
547 2017 683 2082 Graecia
705 2020 894 2099 regnabant,
918 2019 1058 2100 cognitis
1080 2021 1180 2099 robus
1203 2040 1285 2084 con-

188 2117 367 2182 fluxerant
407 2119 516 2199 Igitur
539 2123 716 2200 postquam
743 2118 933 2186 Menelaum
959 2120 1138 2183 advenisse
1161 2120 1284 2197 sciunt,

154 2273 157 2276 .
189 2237 305 2286 omnes
319 2219 361 2281 'in
382 2237 484 2280 unum
508 2215 641 2281 coeunt.
678 2217 721 2279 Et
743 2235 929 2299 quanquam
954 2219 1114 2281 atrocitas
1135 2217 1218 2284 facti
1241 2217 1284 2286 ad

182 2317 462 2398 indignationem,
495 2317 671 2398 ultumque
704 2313 870 2397 injuriask
901 2317 1064 2398 rapiebat,
1096 2323 1208 2382 tamen
1237 2337 1283 2382 ex

188 2417 325 2483 consilii
349 2418 511 2481 sententia
532 2418 685 2498 legantur
706 2416 800 2500 prins
824 2415 867 2479 ad
889 2413 1047 2498 Trojam¹
1072 2417 1282 2498 Palamedes,

645 2596 825 2622 anunente

187 2717 300 2782 quael
316 2713 410 2778 Delpti.
422 2713 520 2776 quibus.
531 2744 537 2760 .
547 2713 713 2779 penetratur
723 2713 845 2778 vinding.
854 2712 1073 2776 posticiarios-ti
1091 2713 1186 2781 Detpb.
1200 2713 1282 2779 itaqua

685 2889 793 2941 NOTAE

223 2988 537 3038 ‘Obaecessitsdisemcum
547 2985 618 3049 flet]
633 2987 718 3050 Supra
758 3003 818 3038 nem
844 2987 994 3052 injuriarum
1021 2988 1150 3060 rapiebat.
1183 2990 1284 3040 Tamen

190 3082 225 3118 ex
247 3065 351 3128 Hygino
373 3064 481 3113 vidimus
499 3078 544 3113 eas
563 3063 671 3116 Helenae
690 3063 716 3112 in
757 3063 882 3126 ejusmodi
897 3066 1017 3128 exempla
1029 3065 1142 3129 reperias
1156 3067 1225 3130 apud
1236 3065 1282 3116 boe

196 3143 348 3192 servitutem
380 3155 395 3188 a
418 3139 526 3188 Castore
554 3144 582 3186 et
610 3138 716 3188 Polluce
757 3145 942 3196 nosauctores,
957 3140 1002 3189 sed
1020 3141 1168 3206 quoenollm
1186 3142 1281 3205 sapius

190 3219 266 3266 datas
288 3213 377 3266 luisse.
410 3213 483 3264 Idem
503 3212 676 3276 Apollodorus
685 3211 716 3262 de
755 3211 862 3266 imitari.
1247 3259 1250 3262 .

191 3295 290 3349 ffirhra,
787 3285 929 3348 ¹Legantur
936 3287 1005 3350 prius
1010 3289 1041 3336 od
1053 3288 1158 3354 nuum]
1174 3291 1281 3341 Certum

223 3377 234 3412 ⁸
247 3369 315 3420 Fieri
325 3366 401 3428 emet]
420 3365 460 3414 lta
469 3363 495 3412 in
504 3365 569 3414 Mss.
580 3365 717 3413 Maleccr·
757 3367 1282 3430 estetPalsmedem,Ulyssem,etMsne·

190 3455 314 3498 rectores.
327 3441 464 3491 ediderunt
480 3439 579 3490 ‘solet’
603 3441 611 3468 ‘
624 3435 716 3488 Amat’
757 3443 825 3492 laum
837 3442 869 3491 sd
880 3441 985 3504 Trojam
997 3442 1106 3504 legatos,
1117 3444 1161 3491 sed
1170 3443 1283 3492 bicDic·

190 3518 326 3581 eleganter
336 3514 495 3563 diciturzsic
508 3514 606 3561 Gracia
618 3515 690 3573 φιλεῖ.
758 3524 798 3580 tys
821 3517 923 3566 videtur
945 3517 1051 3566 innuere
1076 3517 1197 3580 Ulyssem
1224 3534 1283 3570 cum

223 3591 421 3645 *Postuertam
430 3587 596 3652 eadiuisr'cue]
613 3588 719 3647 Positis,
757 3591 1282 3657 aliisSpsrtamconvenisse,qucdfalsnm

189 3675 217 3722 in
231 3683 308 3720 naves
325 3667 434 3716 scilicet.
471 3663 555 3728 ayant
572 3663 659 3724 charge
677 3677 719 3714 sut·
758 3673 897 3719 estruem
915 3664 1043 3716 Homerus
1059 3674 1087 3718 et
1104 3669 1147 3721 atii
1164 3677 1283 3722 auctores

189 3747 367 3803 reseraretur.
759 3739 864 3791 tradunt
874 3739 1126 3804 Agamemnonemet
1134 3745 1282 3797 Menelaum

224 3823 372 3882 *Omnesque
386 3816 440 3880 qua]
457 3818 497 3866 De
515 3815 618 3878 regibus
637 3813 717 3866 Achi·
758 3818 785 3866 in
805 3817 913 3866 insulam
930 3815 1045 3866 Ithacam
1060 3817 1093 3866 ad
1107 3818 1226 3882 Ulyssem
1240 3834 1282 3871 re,

192 3909 299 3950 uorum:
315 3893 375 3944 vide
387 3892 484 3956 Hygln.
756 3892 834 3955 nisse,
845 3898 875 3941 ut
887 3905 943 3940 eum
955 3890 1003 3940 sibi
1015 3892 1113 3942 militie
1125 3907 1178 3946 snae
1187 3893 1283 3942 socium
1369 3933 1372 3937 .

224 3971 237 4008 ¹
250 3972 373 4034 Ultumque
383 3967 496 4030 iujurias]
514 3967 623 4017 Phrasis
636 3971 717 4016 muta·
756 3969 921 4022 asciscerent.
953 3965 985 4016 Id
995 3981 1052 4016 cum
1063 3975 1195 4018 recusaret
1206 3968 1283 4031 Ulys-

193 4047 242 4107 eit,
270 4046 390 4111 replebat
408 4044 440 4094 ad
463 4044 669 4107 indignationem
691 4049 718 4092 et
758 4059 808 4104 ses,
818 4043 942 4094 insaniam
959 4043 1080 4092 simulans
1096 4042 1226 4106 salemque
1243 4058 1283 4094 se·

193 4123 312 4186 sapiebat
323 4123 405 4171 ultum
424 4120 545 4184 injurias:
563 4119 609 4168 sed
628 4119 718 4172 mellus
758 4133 891 4183 renseqno
900 4125 927 4168 et
936 4117 1042 4168 bovesd
1053 4123 1167 4166 aratrum
1172 4117 1283 4182 junctis,

192 4199 311 4266 dixisset,
322 4197 364 4250 Ad
383 4197 584 4262 indignationem
601 4203 628 4246 et
643 4197 720 4246 ultio·
759 4192 910 4252 Palamedes
940 4191 964 4242 ei
988 4191 1169 4245 Telemachum
1201 4191 1281 4244 fillum
