3112 4950
298 353 363 418 344
740 362 948 414 auruncus.

299 522 386 586 enim
399 517 629 604 praefationem
644 533 708 578 non
725 513 874 598 ejusdem
889 531 966 578 esse
982 511 1078 594 cujus
1093 516 1144 575 ost
1158 511 1304 592 historia,
1315 519 1395 602 qui-

298 623 350 685 vis
373 639 438 684 non
461 617 706 682 indoctissimus
728 614 826 679 t'acile
848 615 1026 696 intelligat:
1056 633 1156 698 quam
1179 615 1269 681 haud
1293 619 1395 683 dubie

298 722 454 786 indoctus
469 718 638 805 quispiam
653 723 792 800 nugator
808 717 961 800 subjecit.
1013 715 1103 780 Tum
1117 715 1153 781 in
1168 718 1245 782 aliis
1258 719 1396 802 scriptis

301 822 484 898 codicibus,
499 839 584 904 quos
600 819 682 885 editi
698 824 775 884 sunt
791 817 911 894 secuti,
922 836 987 881 non
1002 815 1211 896 Consularis,
1225 819 1283 883 sed
1300 819 1397 884 Prae-

300 943 355 990 ses
368 925 500 1008 legitur.
546 922 641 986 Nihil
663 927 774 985 autem
801 918 971 983 Mercerus
986 917 1095 996 affert,
1111 939 1170 982 cur
1183 939 1246 982 suo
1262 927 1397 986 tanturn

302 1027 420 1092 Codici
434 1025 568 1090 credere
582 1025 669 1088 alios
684 1022 849 1107 postulet:
874 1021 930 1104 qui
952 1019 1044 1104 quod
1066 1021 1220 1102 quaedam
1234 1011 1398 1105 loquendi

301 1147 424 1210 genera
438 1127 569 1198 Latinae
596 1127 736 1208 Linguae
759 1123 906 1214 puritate
928 1141 993 1185 non
1015 1121 1214 1203 satisdigna
1228 1123 1261 1186 in
1276 1123 1399 1188 cadem

303 1229 459 1295 Historia
471 1229 538 1312 legi
554 1235 681 1308 censet,
701 1223 857 1311 profecto
882 1245 918 1301 se
936 1225 1009 1309 jam
1025 1223 1255 1306 depontanum
1267 1223 1399 1288 facturn

302 1331 432 1414 probat,
446 1351 545 1415 quam
555 1330 627 1414 jam
644 1330 734 1394 domi
748 1348 785 1394 se
802 1329 979 1408 continere,
993 1345 1055 1390 nec
1069 1325 1220 1408 suffragii
1226 1325 1352 1390 terendi
1360 1325 1399 1388 in

301 1431 472 1500 literarum
487 1431 671 1503 Comitium
684 1432 732 1496 ire
746 1429 931 1514 perfuerit.
974 1429 1078 1516 Libro
1094 1443 1134 1492 11.
1147 1428 1183 1492 in
1193 1429 1286 1516 prius
1296 1427 1398 1491 editis

303 1533 488 1614 legebatur:

349 1635 404 1698 ‘N
407 1654 528 1718 amque
537 1634 671 1700 'nostros
687 1634 868 1698 multorum
881 1634 1004 1697 dierum
1020 1633 1234 1714 navigatione
1246 1631 1399 1716 aliquan·

304 1740 375 1798 tum
400 1735 585 1802 exhaustos
607 1737 763 1816 maxime⁸
775 1736 952 1820 praesentia
965 1734 1105 1818 Telephi
1124 1729 1396 1824 exanimaverat!

305 1837 349 1901 Et
364 1837 468 1902 infra:

350 1937 538 2004 ‘Cohortati
554 1957 633 2003 suos
649 1939 789 2021 quisque
802 1939 875 2002 acie
891 1935 1084 2002 conflixere.
1129 1936 1216 2000 Turn
1233 1953 1316 2000 uero
1337 1933 1401 2008 ali,-

306 2039 500 2123 quantulum
510 2045 617 2122 tracto
626 2039 817 2116 certamine,
823 2038 955 2120 plurimi
965 2038 1134 2123 utriusque
1143 2032 1403 2120 partiscadunt.'

306 2139 482 2207 Mercerus
501 2141 697 2223 utrobique:
725 2141 783 2202 ‘in
798 2138 1022 2222 aliquantum'
1045 2139 1162 2216 edidit,
1177 2143 1401 2219 annotatque:

307 2241 518 2319 ‘italibriet
533 2239 583 2309 sic
597 2258 690 2324 saepo
700 2239 833 2316 Noster,
843 2257 863 2304 a
875 2239 970 2321 cujus
982 2239 1117 2304 ‘saeculo
1128 2259 1194 2304 non
1203 2244 1255 2303 cst
1264 2240 1403 2320 exigen-

307 2344 351 2406 da
363 2342 476 2406 Latini
491 2341 656 2406 sermonis
669 2339 821 2424 puritas?
848 2340 918 2405 Sed
932 2341 1076 2422 primum
1087 2341 1212 2407 danum
1228 2345 1294 2417 est,
1309 2343 1406 2424 'saepe

308 2445 359 2510 sic
374 2442 465 2526 apud
475 2444 562 2508 hunc
578 2443 773 2527 scriptorem
794 2443 868 2524 legi,
884 2461 944 2506 nec
959 2443 1048 2506 enim
1062 2449 1225 2527 praeterea
1238 2448 1295 2505 es‘t
1306 2441 1405 2505 locus

229 2575 230 2580 ¹
307 2548 342 2611 in
358 2547 447 2609 omni
461 2565 503 2610 ea
518 2544 685 2623 Historia,
699 2545 757 2609 ubi
772 2545 866 2611 vocis
881 2543 1130 2628 ‘aliquantum'
1144 2543 1232 2623 idem
1246 2561 1330 2610 usus
1344 2543 1406 2626 sits

308 2646 438 2712 Deinde
450 2665 576 2728 ,negare
592 2645 764 2711 Mercerus
778 2646 907 2732 nequit,
929 2665 991 2712 nec
1012 2653 1093 2711 suos
1115 2645 1221 2710 libros
1235 2662 1404 2729 nusquam

308 2759 475 2833 corruptae
501 2748 656 2830 lectionis
675 2767 762 2813 esse.
801 2747 899 2826 ,Quin
924 2767 1001 2830 ergo
1028 2754 1089 2826 est,
1111 2767 1169 2812 our
1182 2753 1353 2813 auctorem
1366 2744 1405 2832 id

306 2851 436 2930 potius,
457 2847 549 2931 quod
573 2849 609 2911 in
630 2847 784 2927 Mercari,
805 2867 906 2932 quam
921 2849 1014 2931 quod
1029 2849 1067 2912 in·
1079 2849 1223 2913 aliorum
1236 2849 1328 2914 libris
1339 2851 1407 2926 esta

313 2949 494 3031 scripsisse
507 2949 746 3014 accredamusl
773 2949 925 3016 Tandem
940 2969 1057 3033 parum
1070 2948 1243 3016 Mercerus
1256 2949 1406 3031 doctrino

313 3071 374 3116 sua
389 3052 425 3115 in
439 3052 788 3122 bonorum'auctorum
807 3058 874 3116 lusu
892 3053 1026 3135 dignum
1046 3052 1233 3129 faciteam
1253 3051 1293 3116 id
1310 3051 1409 3132 dama‘

197 3243 200 3248 Ι
310 3171 391 3217 nare
406 3151 553 3217 animum
567 3153 709 3230 inducit,
719 3153 813 3236 quod
829 3159 864 3218 et
877 3155 997 3235 regulis
1017 3154 1100 3218 artis
1114 3153 1291 3235 ,congruip'
1303 3157 1342 3216 et
1355 3152 1410 3226 los

312 3254 553 3337 cupletissimis
567 3274 605 3320 so
621 3255 813 3320 auctoribus
825 3255 928 3338 tutari
939 3261 1060 3340 potest.
1082 3254 1130 3320 Ut
1143 3255 1229 3319 enim
1239 3253 1409 3336 inGruma¹
1529 3279 1532 3285 ·

311 3357 445 3424 maticis
460 3356 573 3434 docui,
589 3355 774 3434 Quantum,
798 3357 957 3434 Tantum,
979 3356 1139 3432 Multum,
1162 3355 1319 3444 Paulum,
1334 3354 1411 3420 Ali-1

311 3463 486 3540 quantum,
502 3458 718 3536 Immensum,
741 3460 931 3542 regulariter
944 3478 1020 3524 cum
1035 3457 1277 3542 Praepositione
1297 3455 1340 3520 ad
1353 3457 1410 3522 vel·

311 3559 357 3637 a'n,
371 3557 506 3640 figurate
520 3578 600 3624 vero
614 3559 687 3624 sine
701 3559 940 3644 praepositione
959 3560 1131 3642 dicuntur:
1152 3566 1202 3636 ut,
1226 3564 1237 3598 ‘
1249 3565 1413 3646 quantum.

313 3668 409 3744 pater
423 3661 507 3738 filio,
518 3667 645 3726 tontum
657 3661 760 3744 pose‘ta
774 3663 898 3744 ingenii
913 3662 966 3726 sui
974 3667 1069 3745 partu
1081 3659 1225 3744 ,gaude-tf
1255 3659 1409 3744 ‘Avarus

312 3764 456 3830 multum
469 3770 522 3829 est
533 3765 715 3830 ambitioso
725 3764 891 3852 deterior!
922 3763 1054 3828 ‘Senex
1067 3770 1119 3826 est
1127 3762 1271 3846 paulum
1281 3762 1323 3826 ad
1337 3780 1409 3846 rem

313 3865 497 3932 attentior!
520 3865 741 3932 ‘Adolescens
751 3867 954 3951 aliquantum
964 3866 1077 3930 animo
1085 3862 1262 3943 omissior.'
1286 3869 1298 3921 .‘
1305 3860 1409 3944 Mons

312 3969 512 4056 immensum
525 3965 659 4033 editus.'
705 3968 744 4054 ln
760 3969 813 4031 his
824 3969 979 4050 omnibus
990 3967 1264 4049 praepositionem
1279 3963 1410 4028 deside*

314 4072 389 4155 rari,
402 4069 549 4153 plurima
565 4070 764 4153 optimorum
780 4076 951 4135 auctorum
966 4067 1124 4150 exempla
1138 4067 1285 4146 vincunt.
1335 4065 1411 4130 Liv.

286 4218 289 4227 «
314 4185 386 4260 Μ.
401 4169 456 4236 27.
479 4170 542 4235 ‘In
558 4176 688 4236 tantum
702 4189 798 4240 suam
813 4173 970 4256 uirtutem
983 4166 1161 4248 enituisse*
1204 4166 1297 4249 Virg.
1313 4163 1411 4251 <Neo
