3152 4950
465 384 658 446 nanneno
680 383 850 434 vaorsvo
874 385 949 436 nra.
973 384 1028 434 ιιι.
1229 367 1294 440 tce.

200 528 351 604 bustum,
365 534 435 590 nna·
446 526 550 592 etium
564 525 690 592 Priami
713 525 812 604 tilios,
832 526 947 611 ibique
965 526 1294 612 seorsnm'aliquan·

202 634 274 694 tum
289 647 313 692 a
324 624 441 692 favilla
448 625 595 709 jugulari
603 626 714 710 jubet,
730 627 860 692 scilicet
872 625 1010 694 inferias
1024 626 1173 694 Patrocli
1188 628 1295 694 mesd-

198 731 286 794 bus:
310 739 351 792 ac
365 745 447 790 mox
457 727 609 810 regulos¹
621 727 765 792 canibus
776 725 987 793 dilaniandos
996 725 1093 809 jacit,
1107 725 1295 796 confirmat·

200 849 270 912 que
285 847 322 893 se
335 846 404 890 non
417 829 509 910 prins
524 827 674 910 desinere
689 826 918 910 pernoctando
934 826 1040 905 humi,
1055 846 1156 910 quam
1168 828 1202 892 in
1216 847 1295 896 auc·

199 937 305 996 torem
324 927 408 994 tanti
421 928 563 993 luctusy
586 929 638 992 sui
662 929 819 1011 sanguine
832 927 1048 994 vindicasset.
1090 928 1173 1010 [lo]
1196 930 1294 996 Nec⁵

165 1081 168 1090 .
201 1029 298 1094 multi
308 1028 468 1092 transacti
481 1032 558 1092 sunt
572 1027 658 1106 dies,
672 1048 749 1094 curu
763 1034 901 1112 repente
914 1029 1097 1106 nuntiatur,
1113 1029 1296 1096 Hectorem

203 1129 341 1195 obviam
356 1127 578 1192 Penthesilece
590 1136 694 1192 'cnm'
715 1128 837 1210 paucis
852 1128 1067 1211 ¹proiectum:
1082 1149 1170 1212 'qna
1185 1132 1297 1212 mfflna

199 1231 423 1305 Amazonum,
445 1227 738 1310 incertumzpretio
763 1246 807 1290 an
833 1227 982 1296 bellandi
1006 1229 1176 1314 cupidine,
1199 1231 1297 1296 auxi·

203 1328 324 1392 liatusu
353 1326 487 1391 Priamo
508 1325 713 1392 adventarat.
757 1326 850 1392 Gens
873 1328 1046 1406 bellatrix,
1066 1334 1101 1394 et
1124 1331 1169 1394 ob
1192 1329 1229 1394 id
1253 1331 1298 1396 ad

201 1427 363 1494 finitimos
377 1427 562 1504 indomita*
582 1427 696 1510 specie
714 1445 878 1492 armornm
899 1428 1026 1510 inclyta
1047 1448 1108 1511 per
1129 1429 1297 1494 mortales.

204 1528 311 1610 Igitur
325 1525 498 1604 Achilles,
519 1527 637 1611 paucis
659 1527 737 1592 fidis
760 1525 928 1610 adjunctis
951 1547 1076 1608 secum,
1103 1529 1298 1594 insidiatum

124 1645 128 1652 ·
201 1647 344 1712 propere
358 1628 478 1710 pergit,
487 1635 588 1710 atque
602 1627 732 1692 hostem
746 1646 898 1692 securum
914 1629 968 1692 sni
979 1630 1165 1711 praevortit.
1207 1630 1297 1695 Tum

201 1727 334 1810 ingredi
359 1727 481 1792 flumen
502 1728 725 1811 accipientem
751 1728 989 1796 circumvenit:
1010 1731 1062 1796 ita
1086 1749 1241 1814 eumque,
1262 1738 1297 1796 et

202 1830 404 1914 omnesqui,
420 1829 558 1894 comites
572 1829 698 1912 regulo,
713 1827 830 1892 dolum
842 1828 1035 1912 hujusmodi
1050 1833 1296 1913 ignoraverant,

193 1950 248 1996 cx
262 1930 447 2014 improviso
460 1927 633 1994 interficit:
645 1926 658 1964 ¹³
679 1935 715 1994 at
728 1927 896 2011 quendam
910 1928 1054 1994 filiorum
1066 1928 1194 1995 Priami
1208 1949 1298 1996 cosn-

197 2030 411 2116 .prchensum,
422 2049 502 2100 mox
512 2029 636 2094 excisis
645 2031 810 2107 manibus,
821 2030 864 2094 ad
878 2030 1046 2096 civitatem
1057 2032 1202 2110 remittit,
1213 2050 1298 2098 uun·

162 2187 170 2199 .
204 2131 323 2196 tiatum
338 2151 414 2214 quae
430 2136 524 2212 gesta
537 2137 641 2196 erant.
683 2131 764 2214 Ipse
778 2152 856 2210 cum
871 2132 965 2198 ccede
974 2132 1212 2210 inimicissimi,
1222 2139 1295 2196 tum

200 2231 366 2296 memoria
380 2231 508 2299 doloris
521 2230 630 2309 ferox,
649 2232 944 2315 spoliatum-armis
958 2232 1103 2310 hostem,
1117 2251 1199 2296 mox
1214 2249 1298 2296 con-

84 2341 90 2352 ·
205 2331 330 2396 strictis
344 2334 378 2398 iu
392 2351 491 2398 unum
506 2331 678 2414 pedibus,c
692 2332 826 2398 vinculo
836 2334 944 2398 currui
959 2339 1127 2418 postremo
1140 2332 1297 2400 adnectit.

202 2664 266 2713 ente
277 2658 330 2709 riso
340 2658 415 2710 deest
426 2673 477 2710 vox
487 2661 618 2711 natta-4
635 2657 706 2712 Ante
721 2675 763 2712 ses
778 2660 883 2712 exhibet
901 2659 996 2725 neten.
1022 2659 1179 2709 tracturos
1197 2671 1245 2722 pro
1264 2659 1296 2708 sd

695 2803 802 2856 NO'l'AE

237 2922 251 2950 ²
267 2914 383 2977 Regem
399 2913 498 2964 Prisrui
510 2911 586 2966 filios.
769 2915 873 2977 dereut,
896 2913 930 2964 ab
951 2911 1068 2966 hostibus
1089 2913 1210 2966 mulieres
1232 2911 1297 2966 dicti

238 2991 348 3047 rom
369 2989 395 3038 is
414 2994 532 3040 mess
557 2990 621 3040 testi
639 2991 729 3057 laetas]
766 2985 853 3042 snnt'
871 2989 939 3039 Vide
950 2989 1096 3054 Pslaphat·

206 3065 286 3130 Apud
304 3066 457 3129 Humerum,
469 3067 526 3130 jean
536 3063 649 3116 Achilles
660 3067 730 3116 Hee·
808 3075 821 3102 ⁸
842 3067 883 3118 Ad
897 3065 1018 3131 fleitisscs
1039 3065 1165 3128 indomita]
1191 3065 1224 3116 ld
1247 3073 1297 3131 est,
1390 3071 1394 3080 '

205 3147 289 3192 torem
299 3140 439 3199 occideret,
457 3149 516 3191 curu
531 3141 653 3192 Patroclo
664 3140 730 3192 infe·
766 3149 894 3207 quantum
906 3140 939 3190 sd
950 3139 1083 3201 finitimos,
1095 3141 1136 3188 vel
1147 3138 1274 3190 finitimiss

196 3219 257 3269 'rim
269 3217 342 3270 iecit.
801 3218 814 3251 δ
831 3218 872 3266 Ee
889 3216 1016 3278 mdo
1034 3210 1160 3278 interficit]
1178 3213 1222 3264 Ab
1241 3215 1298 3266 lla·

235 3305 246 3332 ¹
264 3296 365 3344 Olss'usn
377 3294 532 3344 Penthesilea
548 3294 680 3359 causta]
697 3294 732 3344 A·
771 3301 843 3340 mero
854 3291 971 3340 diversus
984 3288 1039 3338 abit
1048 3305 1056 3348 ς
1072 3289 1116 3352 qni
1127 3288 1224 3352 scribit,
1233 3291 1297 3340 Tro·

203 3381 322 3420 marones
348 3385 396 3432 prs
414 3370 537 3432 ¹'1¹rojuuts
559 3371 663 3420 stetisse
685 3370 731 3419 elli
766 3367 838 3431 jacis
853 3365 891 3415 eb,
903 3363 1004 3415 Achille
1021 3363 1049 3412 in
1068 3362 1156 3427 togam
1174 3365 1253 3414 versis
1271 3371 1300 3415 et

181 3446 285 3496 etism
305 3443 419 3492 traduat.
461 3443 514 3493 seu
537 3459 582 3494 ess
604 3445 731 3496 Homerus
771 3440 940 3490 intssnrbenr
956 3437 1078 3500 receptis,
1096 3437 1178 3485 solnm
1199 3436 1299 3488 Hecto·

205 3515 342 3583 preteriit,
361 3513 429 3580 quod
449 3516 560 3578 poemati
584 3531 630 3568 sne
649 3519 732 3588 indig·
771 3529 826 3564 resn
838 3513 931 3564 Achilli
943 3512 1076 3568 restitisse,
1087 3510 1175 3576 ibique
1185 3513 1298 3562 occisum

205 3605 266 3644 uam
278 3597 382 3656 putaret
392 3589 508 3640 immines
518 3591 670 3641 immiscere.
695 3594 732 3644 Et
770 3587 859 3638 fuisse.
892 3587 988 3636 Eorum
998 3599 1108 3650 pugnem
1120 3587 1189 3650 lege,
1199 3587 1231 3637 ll.
1241 3593 1273 3639 x.

200 3669 263 3718 trae
280 3679 344 3716 seue
361 3663 439 3717 inim
455 3665 557 3716 videtur
567 3679 637 3716 sueus
648 3666 732 3717 Servii
802 3669 814 3696 ⁰
830 3660 1084 3712 tererestereres
1102 3675 1174 3712 mser
1191 3663 1300 3729 peditus]

206 3742 310 3796 alicubi·
342 3743 449 3794 Certum
467 3748 609 3793 errantem
623 3741 732 3794 Ammo·
771 3737 989 3790 Extremum
1012 3735 1161 3801 Ἀμφοτίμν
1170 3737 1300 3799 μετόπισθε

204 3817 732 3884 ηειηιῐιιῳιαιιειιίιίιιοςοιιᾳιιοιΡοὸ-
771 3814 850 3864 seteis
869 3812 966 3876 stream
986 3809 1082 3862 rtrum
1100 3812 1139 3862 ’ns
1158 3812 1249 3876 υφνρὺν
1270 3815 1298 3862 le

202 3895 239 3946 tis
250 3895 368 3954 inventes
380 3899 408 3941 et
422 3892 546 3942 confictus
556 3892 645 3944 luisse.
677 3895 733 3946 Fle-
771 3884 1012 3954 menaechmi*
1032 3883 1298 3950 &timiamate

203 3968 272 4018 tioui
291 3981 352 4019 sero
370 3969 454 4018 locum
466 3968 562 4018 dedere
574 3971 662 4034 populi
676 3971 732 4036 qut·
771 3965 860 4030 δίφροιο
871 3965 890 4014 t’
901 3963 981 4025 aare,
998 3959 1058 4026 κάρη
1067 3963 1088 4012 δ’
1098 3960 1207 4012 ἕλκεσθαι
1219 3960 1298 4018 ἔασεν.

205 4041 277 4101 dem,
292 4043 337 4108 qui
350 4057 409 4094 cnm
424 4043 527 4096 tunicas
541 4047 637 4096 talares
647 4053 732 4110 geste.
772 4039 936 4090 ‘Araborum
954 4052 1021 4103 pone
1041 4038 1136 4102 pedum
1156 4036 1299 4102 perforavit

208 4120 492 4185 rent,qustesfenine
501 4121 733 4186 Thracire,oosurs·
772 4129 866 4166 nervo!
877 4113 919 4164 Ad
937 4113 1017 4164 telum
1035 4127 1117 4178 nsque
1135 4128 1151 4163 e
1167 4114 1300 4180 calcaneo,

210 4207 261 4260 que
277 4195 412 4258 alligarent·
425 4195 516 4263 mitris,
534 4195 680 4263 barbasque
693 4211 733 4248 rs·
773 4193 917 4259 boriusque
926 4189 1040 4257 alligavit
1054 4190 1121 4257 lere,
1132 4190 1167 4244 Et
1178 4206 1210 4244 ex
1221 4206 1297 4252 carru
