3136 4948
348 391 521 444 mausus
546 389 700 440 vossius
722 389 774 438 ,ns
799 383 913 438 nrcrr
939 389 1084 438 csscoa
1221 373 1262 438 13

214 535 324 600 Etiam
346 533 467 614 Dictys
493 529 661 604 Cretensis
677 527 768 592 bello
786 526 933 612 Trojano
951 529 1131 592 idomeneu
1146 547 1264 611 seque·

157 638 278 710 -batur,
290 655 330 699 ac
342 639 462 716 praeter
477 631 611 707 italice,
623 629 728 694 Suida
739 635 838 706 teste,
853 631 947 694 libris
958 649 1076 696 norem
1092 629 1266 712 consigna-

171 739 221 801 vit
247 737 368 800 bellurn
394 733 596 814 Trojanum:
635 729 806 794 Homerus
831 735 939 793 eutem
958 749 1033 793 enm
1057 730 1091 792 in
1114 727 1266 812 polimate

172 847 234 900 suo
262 841 316 898 est
339 837 492 897 secutus:
525 836 560 894 ut
576 829 709 913 quidem
738 835 925 895 auctorest
949 830 1102 906 Taetzes,
1127 829 1213 893 Chii.
1231 845 1267 889 v.

174 937 267 1000 Hist.
283 936 338 998 30.

217 1038 320 1101 Porro
335 1056 381 1099 ex
398 1035 500 1116 Dicty
515 1038 546 1098 et
566 1033 689 1098 Darete
708 1032 914 1114 depromtnm
933 1051 1010 1098 esse
1034 1037 1146 1096 censet
1160 1033 1268 1098 Scali-

174 1157 241 1221 ger,
264 1137 368 1220 qnod,
400 1139 515 1200 contre
538 1134 680 1198 Homeri
704 1139 737 1198 et
759 1133 901 1198 aliorum
923 1135 1168 1211 auctoritatem,
1194 1153 1270 1216 per·

175 1239 338 1320 scriptum
354 1237 452 1302 estin
468 1234 636 1298 Chronico
651 1233 789 1298 Eusebii
803 1234 846 1298 ad
862 1253 914 1298 an.
932 1249 1133 1298 rneccuxu.
1178 1234 1270 1300 Hec-

174 1339 256 1402 toris
282 1336 372 1401 filios
398 1335 498 1400 Ilium
520 1336 701 1418 recepisse,
724 1336 881 1418 expulsis
910 1333 1091 1400 Antenoris
1109 1335 1269 1416 posteris,

177 1438 315 1504 Helena
330 1435 516 1500 subsidium
525 1435 665 1524 ,ferente
692 1434 783 1512 Quin
798 1435 964 1518 hodieque
980 1443 1098 1499 extant
1114 1437 1271 1520 anonymi

177 1538 244 1602 duo
259 1537 302 1602 de
326 1536 418 1602 bello
434 1535 595 1618 Trojano,
610 1536 668 1618 qui
693 1536 928 1617 consignarunt
944 1537 1064 1614 libros,
1079 1555 1181 1602 unum
1207 1537 1272 1600 sub

178 1638 308 1702 nomine
337 1637 459 1720 Dictys
486 1635 669 1712 Cretensis,
699 1637 839 1702 alterum
860 1656 942 1702 vero
962 1637 1096 1702 Daretis
1124 1637 1272 1720 Phrygii.

179 1736 289 1816 Quod,
306 1744 527 1802 commentum
542 1744 580 1800 ut
604 1737 717 1800 colore
741 1737 857 1819 aliquo
869 1737 1002 1802 melius
1015 1737 1157 1815 falleret,
1173 1738 1273 1802 tinxit

179 1839 271 1921 prior
295 1838 461 1920 quendum
488 1837 537 1915 Ο.-
555 1838 754 1920 Septimium
778 1838 981 1914 Romanum,
997 1839 1055 1920 qni
1077 1857 1139 1921 per
1159 1839 1273 1904 uterus

144 1993 148 1999 .
180 1937 383 2020 significaret
399 1936 442 2016 Q.
458 1936 618 2015 Arcadio,
633 1946 673 2002 ut
685 1940 719 2002 in
736 1937 836 2004 Creta
855 1939 978 2015 insula,
994 1957 1070 2002 cum
1085 1938 1118 2001 vi
1131 1944 1274 2021 tempes-

181 2040 261 2104 tatis
277 2045 366 2103 terre
377 2037 572 2114 desedisset,
593 2039 627 2101 in
645 2039 736 2128 lriatu
748 2038 810 2102 illo
823 2039 1018 2120 apparuerit
1033 2039 1152 2120 Dictys
1164 2039 1277 2121 sepul·

182 2159 286 2216 crum,
301 2147 401 2220 atque
425 2140 460 2201 in
475 2157 516 2202 eo
532 2159 554 2202 a
569 2139 759 2220 pastoribus
773 2140 906 2202 inventa
919 2140 963 2204 sit
977 2138 1093 2204 ercule
1107 2138 1276 2222 plumbea,

181 2241 300 2304 librum
318 2240 439 2321 Dictys
456 2240 626 2301 continens
640 2240 782 2302 debello
796 2239 955 2320 Trojano,
973 2241 1032 2321 qui
1049 2239 1158 2302 literis
1173 2241 1278 2320 scrip·

184 2348 241 2402 tus
257 2337 557 2402 essetPhoeniceis.
581 2338 634 2401 De
649 2338 770 2402 Darete
782 2343 893 2401 autem
904 2337 1054 2424 Phrygio
1066 2340 1133 2403 tale
1149 2341 1279 2402 auctori

184 2437 316 2522 placuit
329 2425 552 2518 figmentum(
578 2437 765 2502 Cornelium
798 2436 964 2520 Nepotem
980 2438 1110 2503 inducit
1132 2439 1280 2504 scriben-

185 2544 253 2602 tem
280 2537 322 2600 ed
354 2535 510 2619 Crispum
536 2537 745 2612 Sallustium,
771 2543 809 2598 ut
832 2535 974 2600 Athenis
1000 2544 1093 2600 esset
1126 2546 1279 2622 repertus

186 2635 376 2722 edrdygayus,
405 2637 513 2718 ipsius
546 2637 693 2702 auctoris
722 2637 983 2720 manuscriptus,
1016 2638 1101 2704 liber
1134 2638 1281 2717 Daretis,

189 2755 295 2819 quem.
307 2737 399 2800 dixi:
415 2744 516 2818 etque
530 2747 569 2802 nt
582 2738 669 2801 hunc
685 2737 805 2800 Latina
819 2743 898 2817 toga
911 2737 1056 2814 donarit,
1073 2743 1109 2802 ut
1123 2737 1280 2802 amicitiae

188 2839 255 2902 hoc
269 2844 514 2904 monumentum
523 2839 668 2903 muneris
681 2837 759 2900 loco
770 2835 931 2900 Sallustio
946 2839 1070 2902 mittat.
1113 2837 1179 2901 Sed
1189 2845 1282 2902 extat

184 2940 324 3022 *genuini
337 2937 486 3003 Cornelii
512 2936 655 3020 Nepotis
678 2937 760 3006 liber
783 2937 826 3000 de
842 2933 951 3000 Attici
966 2938 1058 3016 vite3
1081 2937 1169 3014 item,
1184 2951 1282 3020 quem

192 3039 328 3121 scripsit
344 3039 386 3104 de
402 3039 663 3120 imperatoribus
677 3038 830 3100 externis.
874 3035 963 3113 Quid
979 3036 1032 3100 his
1046 3036 1140 3100 libris
1155 3041 1282 3120 purius,

194 3139 470 3222 elegantiusque?
494 3136 588 3214 Quid
603 3137 646 3202 ad
661 3137 726 3202 ista
740 3138 874 3208 tralatio
891 3137 1051 3202 Daretisl
1086 3137 1229 3220 Nempe,
1245 3145 1284 3202 ut

194 3240 258 3304 dici
282 3240 379 3317 solet,
401 3240 497 3303 aliter
520 3238 622 3304 catuli
645 3239 747 3312 olent,
775 3239 869 3302 aliter
899 3255 988 3308 sues.
1048 3237 1154 3302 Recte
1184 3240 1284 3319 igitur

194 3339 298 3404 sensit
312 3339 508 3404 Lndovicns
522 3324 628 3402 Vives
642 3339 676 3400 iu
700 3335 814 3417 quintu
838 3335 880 3398 de
897 3335 1060 3400 uadendis
1085 3338 1285 3420 disciplinis,

198 3455 273 3499 cum
289 3436 346 3510 ait,
370 3443 403 3498 et
430 3437 594 3511 Daretem,
610 3440 643 3497 et
667 3434 792 3515 Dictyu
811 3434 913 3497 istum
926 3433 1083 3517 (qnorum
1106 3442 1213 3500 tamen
1229 3437 1284 3502 hic

198 3535 371 3616 aliquanto
389 3549 441 3596 est
456 3534 586 3608 cultior,
602 3540 637 3596 et
650 3528 862 3616 cusentina)
882 3552 956 3598 esee
978 3534 1152 3616 ‘figmenta
1173 3555 1284 3602 eorum

199 3637 256 3720 qui
272 3630 415 3728 debello
430 3633 660 3699 famosissimo
677 3634 849 3700 voluerunt
862 3634 999 3700 ludere!
