3152 4950
291 369 358 434 ψ
417 455 424 474 ¹
647 380 808 440 niceros
832 381 1038 432 conrnusrs

292 533 431 592 tremum
454 541 594 606 corpora
614 541 677 587 soa
697 525 840 606 quisque
864 525 1128 600 curantes,ssvino
1151 530 1255 607 atque
1279 525 1390 608 epulis

293 645 351 709 per
364 626 503 689 multam
517 630 658 701 noctem,
675 622 813 706 Ajacem
829 625 1020 707 simulque⁴
1039 620 1206 688 Achillem
1230 625 1390 690 laudibus

292 711 469 803 celebrant,
494 731 596 808 atquo
618 725 661 788 ad
686 725 810 790 coelum
832 726 950 790 ferunt·
995 725 1044 789 At
1065 725 1156 807 apud
1175 725 1317 809 'Ibojam
1332 727 1390 791 ubi

292 828 422 909 requies
437 825 583 890 lunarum
598 831 659 904 est,
673 845 739 888 non
751 824 824 907 jam
838 825 935 890 dolor
949 827 983 889 in
998 843 1080 890 casu
1097 825 1307 903 Memnonis:
1327 829 1386 890 sed

292 936 411 1004 metus,
425 932 461 991 et
482 943 620 990 summae
643 945 761 1004 rerum,
782 926 971 1008 desperatio
989 927 1188 990 incesserat:
1208 945 1286 989 cum
1301 927 1386 992 hino

292 1027 492 1112 Sarpedonis
516 1026 680 1104 interitus,
710 1025 787 1090 indo
812 1026 962 1090 insecuta
987 1026 1091 1108 paulo
1119 1035 1198 1107 post
1225 1027 1386 1091 Hectoris

291 1129 405 1193 clades
418 1147 496 1214 spes
516 1127 661 1210 reliquas
683 1126 802 1190 animis
817 1125 1015 1190 abstulisset
1024 1132 1055 1189 :⁵
1071 1145 1188 1209 'neque
1201 1128 1290 1209 quod
1303 1147 1386 1210 pos·

291 1223 433 1294 tremum
462 1229 500 1294 itt
527 1226 705 1290 Memnone
726 1225 875 1292 -fortuna
904 1227 1081 1304 obtulerat·
1103 1228 1281 1310 reliquum
1312 1228 1387 1311 jam

291 1327 473 1392 existeret.⁶
508 1327 565 1396 lta
586 1327 828 1393 confluentibus
846 1328 881 1390 in
905 1329 1008 1390 unum
1023 1334 1074 1393 tot
1093 1329 1257 1404 adversis,
1272 1347 1387 1393 curam

290 1447 422 1492 omnem
436 1425 660 1508 exsurgendi¹²
674 1423 883 1490 omiserant.⁷
927 1425 989 1510 [9.]
1011 1427 1060 1490 At
1080 1433 1158 1510 post
1171 1447 1300 1511 paucos
1314 1429 1387 1492 dies

291 1530 416 1603 Graeci,
431 1529 583 1592 instructi
602 1527 718 1605 armis,
729 1545 920 1612 processere
932 1527 966 1590 in
981 1546 1151 1610 campum,
1166 1529 1387 1608 lacessentes,⁸

290 1631 321 1694 si
343 1629 527 1705 auderent,v
548 1627 592 1692 ad
613 1627 805 1694 bellandum
818 1625 1000 1709 TroJanos·
1044 1627 1132 1708 Quis
1147 1630 1218 1694 dux
1233 1631 1387 1694 Alexan-

289 1730 347 1794 der
362 1750 437 1794 cum
451 1729 588 1811 reliquis
600 1727 758 1791 fratribus
774 1727 913 1794 militem
928 1729 1069 1806 ordinat,
1092 1735 1191 1813 atque
1206 1730 1385 1794 adversum

289 1832 408 1912 pergit.
452 1829 519 1894 Sed
544 1830 740 1934 pripsqoam
761 1827 855 1890 ferire
870 1828 954 1896 inter
968 1849 1006 1893 se
1021 1829 1124 1904 acies,
1147 1838 1207 1894 aut
1221 1830 1292 1914 Jaci
1315 1831 1386 1894 tela

291 1950 437 2012 coepere,
450 1930 582 1994 barbari
603 1927 743 1992 solutis⁸
764 1927 965 1992 ordinibusw
986 1929 1099 2016 fugam
1114 1930 1259 1995 faciunt:
1284 1933 1384 1996 caesi·

288 2051 355 2116 que
368 2051 481 2095 eorum
493 2031 638 2114 plurimi,
651 2037 709 2094 aut
720 2029 755 2092 in
766 2015 892 2094 ilumen¹
901 2031 1112 2114 praecipites⁹
1124 2032 1205 2106 dati,
1216 2051 1291 2096 cum
1303 2033 1383 2096 hinc

288 2140 391 2216 atque
405 2132 483 2196 inde
498 2133 657 2214 ingrueret
670 2131 787 2208 hostis,
809 2137 911 2213 atque
926 2132 1071 2214 undique
1087 2133 1223 2198 ademta
1236 2131 1317 2214 fuga
1332 2153 1383 2196 es-

288 2241 350 2298 sct.
394 2231 496 2315 Capti
511 2233 614 2297 etium
627 2231 764 2315 Lycaon
773 2241 787 2267 ¹
803 2238 837 2296 et
849 2231 1009 2296 Troilus!
1025 2233 1216 2310 Priamidae,
1231 2253 1332 2317 quos,
1346 2235 1381 2296 in

287 2333 435 2414 medium
463 2332 658 2415 productos,
688 2331 836 2398 Achilles
859 2332 1007 2416 jugulari
1031 2331 1151 2415 jubet:
1183 2334 1382 2416 indignatur,

287 2434 433 2498 nondum
459 2434 526 2497 sibi
546 2452 567 2496 a
590 2431 727 2496 Priamo
748 2431 925 2515 superbis
948 2451 1025 2514 quae
1048 2451 1161 2496 secum
1185 2440 1382 2496 tractaverat

288 2533 494 2597 mandatum.
539 2531 626 2610 Quae
637 2533 695 2596 ubi
710 2531 969 2596 animadvertere
984 2531 1131 2614 Trojani,
1146 2534 1379 2615 tolluntgemi-

743 2707 923 2728 nonnemo

281 2825 425 2887 ferreaque
436 2824 572 2874 anima-4
589 2825 680 2886 Delph.
693 2795 853 2888 simulatque,
871 2830 899 2874 et
918 2837 977 2872 mox
998 2799 1127 2872 omittitur
1144 2829 1169 2872 et
1187 2831 1246 2886 post
1264 2829 1379 2874 metus.-

285 2888 406 2949 unelph.
417 2888 623 2937 detumeat—d
635 2888 730 2950 Delph.
740 2894 810 2950 utque
821 2890 853 2936 od
862 2903 887 2948 p.
899 2887 924 2936 iu
937 2887 975 2934 M.
987 2889 1084 2949 quemf.
1094 2903 1116 2936 c.
1128 2887 1311 2949 reliquiumjum
1319 2889 1379 2940 uiuit
1391 2929 1394 2933 .

285 2951 455 3002 mutaret-r
479 2951 570 3014 Delph.
598 2951 784 3001 amiserunt—8
806 2952 906 3016 Delph.
923 2951 1094 3000 durabilia-9
1121 2951 1215 3014 Delplr.
1235 2966 1378 3018 praecepa.-

780 3109 887 3160 norn
922 3099 924 3106 '

317 3226 326 3257 ¹
342 3225 416 3274 Dolor
426 3225 453 3273 iu
462 3237 517 3273 coru
528 3224 671 3286 Memnonis]
691 3223 752 3286 Pro,
765 3223 810 3272 do·
850 3223 907 3272 AEu.
922 3237 941 3272 r.
952 3227 1010 3273 tro.
1021 3225 1029 3254 ‘
1040 3224 1121 3272 Parte
1133 3223 1182 3271 alia
1193 3221 1294 3286 frrgieus
1304 3225 1377 3273 amir·

283 3301 325 3349 lor
346 3315 361 3349 e
383 3314 444 3349 casu
466 3299 621 3348 Memnonis.
655 3299 740 3348 Nolim
759 3299 810 3348 boc
849 3298 882 3346 eis
893 3299 996 3346 'l'roilus
1005 3299 1091 3358 armis,
1103 3297 1199 3348 infelix
1213 3313 1288 3361 puer,
1299 3308 1377 3365 atque

285 3374 389 3428 imitari.
848 3371 932 3436 impar
949 3385 1103 3434 congressus
1121 3372 1224 3434 Achilli,
1242 3374 1335 3423 Fertur
1351 3391 1377 3423 a·

316 3457 328 3482 ¹¹
347 3447 510 3511 Exsurgeudi]
527 3449 589 3498 Sere
600 3448 724 3510 erigendi.
849 3445 915 3508 quia,
925 3460 1054 3510 curruque
1062 3445 1144 3496 haeret
1154 3447 1289 3510 resupinus
1301 3450 1377 3509 inani,

315 3531 327 3556 '
344 3524 507 3586 Siuudereut]
517 3525 702 3586 Transpositio,
713 3524 810 3574 Nostro
850 3522 917 3570 Lora
937 3527 1027 3570 tenens
1040 3525 1142 3570 tamcu':
1159 3521 1219 3571 huic
1237 3525 1376 3589 cervixque

283 3605 312 3646 et
323 3598 379 3645 aliis
390 3599 467 3645 etiam
481 3598 623 3646 familiaris.
655 3599 740 3646 Series
752 3605 808 3648 eutr
848 3589 981 3659 cornaque
1001 3597 1138 3646 trahuntur
1149 3597 1202 3646 Per
1223 3606 1330 3660 terram,
1349 3611 1376 3650 et

284 3675 292 3700 ⁴
305 3673 471 3720 Laceaaeutes
481 3671 602 3733 Trojauoa
610 3671 641 3720 ad
654 3671 809 3734 bellandum,
849 3685 924 3719 versa
936 3670 1018 3733 pulvis
1028 3671 1178 3720 inscribitur
1187 3672 1280 3723 harta’
1303 3675 1375 3724 Idem

260 3743 492 3794 ¹alauderent.’.
771 3761 772 3765 ¹
847 3753 876 3796 et
892 3745 961 3796 iufra
986 3747 1068 3796 Dares
1089 3747 1225 3812 Phrygius.
1265 3750 1375 3801 Taetrer

324 3829 340 3854 rr
357 3820 447 3870 Solatia
466 3819 610 3882 [Duolotia]
626 3821 759 3884 ordinibus]
776 3822 808 3874 A·
848 3822 939 3872 scribit
955 3823 1069 3872 Troilum
1082 3821 1223 3892 fugientem
1235 3823 1261 3872 iu
1274 3825 1375 3888 Apolli·

283 3897 432 3944 bundcuuuut
442 3896 476 3944 lea
485 3909 567 3958 roaga,
584 3895 694 3946 Gallice.
848 3897 1039 3967 nlu'l’hymhraei
1051 3899 1175 3962 ternplum
1187 3914 1215 3948 ae
1226 3901 1375 3965 conjecisse,

314 3979 328 4004 ¹
344 3968 451 4034 Lycaon]
473 3969 557 4020 Quem
576 3969 705 4019 Homerus
723 3971 755 4020 ab
774 3971 807 4020 A.
848 3970 916 4020 nude
934 3985 991 4021 com
1010 3987 1069 4022 eum
1088 3973 1202 4024 Achillea
1224 3975 1373 4027 abstrahere

283 4044 359 4093 chilla
371 4045 397 4092 in
409 4057 495 4107 pugna
505 4044 617 4093 occisum
628 4043 701 4108 dicit,
712 4045 745 4096 ΙΙ.
756 4053 783 4095 Φ.
801 4084 803 4089 .
847 4060 898 4095 non
918 4052 1014 4110 posset,
1027 4042 1105 4110 juxta
1116 4061 1185 4096 aram
1197 4051 1373 4112 eumoccidit,

315 4126 326 4160 r
343 4117 446 4180 Trulua]
462 4117 541 4168 Hunc
552 4124 637 4168 tamen
649 4127 806 4184 pugnantem
847 4121 953 4170 undeet
966 4120 1079 4172 Achilles
1091 4129 1184 4185 postea
1195 4123 1265 4174 idam
1277 4125 1311 4176 ab
1322 4127 1371 4176 ulio

282 4191 316 4242 ab
324 4191 593 4244 Achillainterl’ectum
601 4193 806 4261 deacribitvirg.
842 4193 920 4262 ju'xta
930 4196 1038 4248 eaodem
1049 4212 1119 4248 aram
1131 4213 1227 4263 passus.
