3152 4950
283 333 350 406 191,
631 346 792 400 niceros
815 347 1025 400 casurusne

283 495 351 574 tus,
367 496 601 580 ingressusque
614 491 747 556 bostem
763 491 1007 576 complectitur,
1023 509 1123 558 manu
1137 491 1253 558 dextra
1266 490 1378 578 pupil-

283 605 350 660 tem
373 596 570 664 succidens:
593 604 660 676 quo
688 594 824 658 uulnere
849 593 1080 672 debilitatum,
1097 600 1210 678 atque·
1223 597 1380 660 ,exsectis

283 699 392 762 nervis
404 696 588 762 invalidum
601 696 781 780 propulsat
794 693 953 779 erupere,¹
974 701 1190 778 mentemque
1204 696 1379 762 tatemere

283 797 342 883 [8.]
365 797 468 876 Quod
490 796 549 860 ubi
573 795 835 864 animadvertere
848 795 984 880 Trojeni
998 796 1058 879 qui
1080 797 1182 880 juxta
1206 802 1376 874 steterant,

282 900 440 983 gemitum
451 915 573 979 magno
582 897 726 962 clamere
740 897 884 975 tollunt,4
895 896 1090 980 relictisque
1098 897 1267 962 ordinibus
1282 898 1380 979 signu

271 1001 376 1078 dato,
384 1017 483 1074 arma
496 998 530 1061 in
546 997 735 1062 Patroclum
749 1002 886 1080 uertunt,
900 997 1033 1062 scilicet
1046 997 1251 1082 Sarpedonis
1264 998 1380 1062 interi·-

282 1108 353 1166 tum
367 1101 539 1183 publicam
551 1098 682 1164 cladem
695 1099 767 1160 rati.
799 1095 847 1161 At
859 1095 1052 1176 Patroclus,
1068 1100 1214 1181 praevisu
1228 1099 1378 1164 bustienn

283 1204 426 1285 agmine,
442 1201 547 1266 telum
561 1197 707 1282 positum
722 1199 813 1264 humi
829 1217 970 1282 propere
985 1200 1085 1283 rapit,
1099 1187 1377 1284 compositusque

281 1303 317 1366 in
327 1302 459 1367 armism
474 1299 649 1365 audentius
658 1301 797 1366 resistit.
819 1300 927 1364 Τιιιιις
941 1302 1148 1382 ingruentem
1159 1300 1376 1384 Deiphobum

282 1407 380 1470 busta
394 1401 545 1468 cominus
558 1401 676 1466 tibiam
691 1401 778 1478 ferit,
796 1405 896 1484 atque
918 1401 1082 1466 excedere
1109 1419 1155 1466 ex
1177 1402 1251 1466 acie
1275 1403 1377 1484 cogit,

282 1503 454 1569 interfecto
479 1504 572 1585 prins
595 1499 865 1582 Gorgitbione⁶¹²
888 1503 991 1568 fratre
1016 1502 1109 1586 ejus:
1135 1521 1244 1586 neque
1268 1505 1379 1568 multo

282 1610 373 1687 post,
400 1603 542 1668 adventu
566 1601 686 1688 Ajacis
707 1603 772 1668 fusi
793 1603 921 1687 reliqui.
949 1602 1053 1669 ,Cum
1074 1605 1204 1668 interim
1228 1603 1376 1683 Hector,

283 1705 526 1788 edoctusque
553 1704 759 1782 acciderant,
785 1707 981 1788 supervenit,
1003 1725 1046 1770 ac
1070 1723 1151 1770 mox
1176 1696 1377 1770 conversam

283 1823 420 1870 suorum
434 1807 543 1870 aciem
558 1825 621 1888 pro
636 1811 784 1887 tempore
799 1805 954 1883 restituit,
969 1806 1153 1890 increpatis
1167 1805 1322 1883 ducibus,
1335 1823 1379 1870 ae

282 1905 449 1988 plerisque
471 1925 516 1969 ex
538 1906 617 1986 iuga
636 1905 797 1970 reductis.
841 1905 895 1970 Ita
912 1905 1090 1989 praesentia
1104 1904 1179 1988 ejus
1195 1905 1298 1970 animi
1313 1905 1378 1969 tol-

282 2006 404 2083 luntur,
418 2011 451 2071 et
465 2007 621 2089 praelium
634 2005 833 2070 incenditur.
876 2005 965 2069 Tum
978 2024 1059 2070 uero
1072 2005 1207 2090 iuclytis
1219 2023 1265 2069 ex
1287 2011 1378 2070 utra·

283 2127 350 2190 que
364 2113 458 2190 parte
469 2109 608 2186 ducibus
619 2106 811 2172 confirmato
824 2108 972 2172 exercitu
984 2107 1160 2193 confligunt
1171 2108 1276 2185 acies,
1287 2125 1379 2173 nunc

282 2207 359 2272 binc
374 2227 462 2272 nunc
477 2209 554 2273 inde
569 2205 777 2273 cedentibus
795 2208 975 2286 instantes,
990 2215 1026 2272 et
1039 2210 1096 2273 ubi
1118 2209 1212 2273 acies
1234 2214 1377 2273 nutave-
1407 2256 1410 2264 .

281 2314 346 2382 rat,
361 2308 527 2390 praesidiis
543 2307 806 2372 accurrentibus.
850 2307 981 2372 Interea
1003 2311 1178 2394 utriusque
1206 2310 1376 2374 exercitus

283 2406 405 2472 cadunt
418 2409 563 2491 plurimi,
572 2425 678 2491 neque
692 2409 826 2472 fortuna
836 2407 917 2474 belli
931 2415 1088 2474 mutatur.
1111 2407 1181 2473 Sed
1193 2414 1375 2492 postquam

281 2508 377 2572 miles
392 2528 454 2591 per
468 2511 606 2584 multum
621 2509 706 2574 diem
719 2511 808 2574 bello
823 2510 981 2588 intentus,
995 2509 1102 2592 magis
1111 2511 1284 2594 magisque
1297 2509 1376 2574 setis

282 2608 434 2694 gebatur,
447 2614 481 2674 et
492 2610 560 2674 diei
573 2629 692 2692 vesper
706 2609 950 2694 statutusque
964 2611 1182 2692 cupientibus,
1194 2630 1306 2695 pugna
1317 2611 1375 2674 de·-

281 2726 426 2772 cessum.
477 2707 565 2791 Tum
593 2708 683 2792 apud
709 2707 848 2792 'l'r0Jem
871 2711 964 2774 circa
979 2710 1181 2794 Sarpedonis
1206 2701 1375 2776 cadaver⁰

737 2885 917 2910 ”eunoun

282 2997 395 3060 Multum,
416 2998 623 3062 Artemonem-4
639 3001 737 3066 Delpb.
758 3005 850 3064 gemitu
869 3021 953 3068 ruuguo
971 3007 1095 3056 obruerem
1116 3006 1257 3056 roboc-s
1275 3005 1376 3069 Delplr.

279 3065 338 3110 tuuc
340 3033 396 3111 .-d
413 3063 504 3126 Vulgo,
516 3064 667 3127 Corgutiuue
669 3071 717 3116 -1
734 3067 831 3134 Delpb.
848 3083 894 3120 uon
911 3085 935 3118 u.
945 3085 966 3120 c.
978 3084 1001 3118 u
1016 3071 1045 3118 de
1063 3070 1163 3120 interitu
1179 3069 1377 3120 Priamiduruerr'

770 3225 880 3278 NOTAE

280 3315 431 3388 subridens?
464 3339 518 3388 Per
527 3353 597 3389 erma
608 3345 694 3390 auteur
703 3355 807 3406 proprie
844 3341 1192 3409 prrgnea'l'eueruucoisuur
1209 3341 1282 3407 dicit,
1299 3343 1332 3393 ll.
1342 3350 1373 3392 θ.

280 3410 402 3473 clypeum
412 3414 536 3478 rutellrge
549 3422 578 3466 ut
589 3418 634 3466 et
624 3431 653 3466 re
663 3416 705 3466 rllo
716 3415 812 3480 Vrrgrl
846 3421 905 3468 8⁰2
1365 3445 1370 3459 ι

278 3483 336 3534 ‘Ar
354 3486 464 3537 Ιιιιιιιιιιι
484 3491 547 3539 secli
568 3493 712 3542 exanimem
730 3507 808 3557 super
878 3499 890 3528 ⁰
908 3491 980 3540 Circo
991 3491 1254 3555 Surpedouiseudneer]
1276 3494 1373 3543 Verum

281 3571 352 3606 mmo
361 3559 501 3612 ferebant!
533 3565 569 3612 Et
578 3565 640 3613 alibi
652 3580 763 3630 qrroque.
846 3581 879 3615 ex
890 3565 1006 3616 Homero
1012 3567 1116 3630 Trogum
1126 3567 1283 3630 Sarpedonis
1294 3568 1373 3620 cede

288 3673 292 3678 .
322 3631 475 3696 'Proputeut
490 3634 597 3702 corpore]
625 3641 741 3705 Corpore
760 3655 810 3690 eoo
846 3654 892 3690 ver
910 3655 925 3690 e
943 3655 1035 3704 eampo
1056 3653 1108 3690 nen
1128 3649 1270 3704 potueruut
1291 3651 1373 3694 reuma

279 3721 339 3756 euru
350 3709 474 3772 propellit
483 3708 631 3762 Patroclus.
845 3715 916 3776 bere,
925 3715 971 3766 sed
980 3716 1006 3765 iu
1016 3721 1144 3778 potestate
1151 3717 1303 3768 Graeuornur
1315 3735 1374 3782 per·

311 3791 330 3820 ⁰¹
339 3785 653 3852 Comperituepeeieorueie]
662 3787 714 3838 Hic
723 3797 805 3840 ‘cour-
844 3792 947 3852 mansit,
957 3791 1000 3856 qui
1011 3791 1074 3841 illud
1085 3793 1273 3857 exspoliarunt.
1289 3795 1324 3845 Et
1335 3794 1374 3846 Α·

280 3873 376 3926 ponere
387 3875 416 3910 sc
433 3861 459 3910 in
477 3863 572 3919 armis?
588 3862 667 3924 dicit3
684 3865 753 3928 quod
764 3881 806 3915 su·
845 3869 914 3930 pollo
925 3873 1014 3931 portes
1025 3874 1132 3917 unctum
1143 3868 1271 3918 ambrosia
1287 3875 1315 3918 et
1325 3869 1372 3919 im·

279 3949 337 3998 pre,
349 3937 663 4000 ‘colligereseinarmal
845 3943 995 3992 mortalibus
1017 3943 1133 3993 vestibus
1160 3943 1278 3994 indutum
1298 3945 1374 3994 dedit

275 4015 277 4020 '
311 4011 507 4098 ¹¹Gurgr'tlioue]
529 4014 655 4074 Scribe,‘
664 4013 809 4078 Gorgyrntss·
846 4017 941 4068 Somno
951 4025 978 4068 er
986 4017 1068 4069 Morte
1079 4019 1112 4068 ed
1124 4020 1228 4084 Lyctum
1239 4019 1374 4084 perferen

281 4065 1272 4160 uua’ropprulefflemll.n.Apullod.dum3ub10eulseepultumeet
1370 4103 1374 4128 ³

279 4157 388 4210 111).ιιι.
418 4161 549 4213 sedeam
568 4162 718 4215 Homerus
712 4179 738 4216 ιιι
754 4167 805 4217 alie
1339 4187 1342 4192 ·
1392 4165 1394 4172 ’
