3136 4948
296 359 340 425 20
479 374 558 424 ruo.
582 369 812 420 enarramus
835 365 1207 421 circumcursorem.

297 535 369 596 nos,
386 516 602 598 Bongarsios,
624 512 809 588 BoecleroS,
824 509 1015 587 Reinosios,
1034 514 1067 574 et
1087 511 1200 593 plures
1216 507 1252 574 id
1274 529 1390 593 genus,

299 619 357 700 qui
371 617 451 682 nihil
465 617 600 701 publice
616 614 825 698 profuturum
846 613 1068 695 negligebant,
1081 611 1154 674 sive
1177 631 1221 676 ex
1243 614 1390 676 vetustis

297 720 334 784 id
351 718 569 796 Auctoribus,
585 735 671 800 quos
688 715 863 797 diligenter
881 715 1039 796 legebant
1052 715 1131 797 ipsi,
1144 720 1178 778 et
1189 715 1265 778 aliis
1280 716 1390 797 magis

298 821 499 902 explanatus
518 819 654 895 dabant,
675 815 904 900 repetendum,
919 817 990 880 sive
1013 834 1058 879 ex
1081 835 1190 880 rerum
1209 823 1330 880 natura
1356 822 1392 880 et

299 940 363 984 usu
379 919 571 1003 quotidiano
586 938 676 984 nunc
691 917 826 984 demum
840 916 1022 980 eruendum
1044 917 1138 982 foret.
1183 916 1233 980 At
1254 936 1391 1000 oqnam

300 1021 451 1104 dispares
469 1021 526 1084 illa
539 1039 625 1084 nunc
649 1019 778 1102 passim
803 1037 865 1082 seu
888 1018 1056 1082 Dominos
1069 1019 1169 1082 babet
1183 1038 1241 1082 seu
1257 1019 1392 1100 inquili-

299 1139 361 1184 nos
371 1123 379 1186 !
390 1121 449 1204 qui
463 1122 506 1188 ab
515 1118 737 1206 Antiquitatis
750 1118 885 1196 studiis,
899 1137 960 1202 per
970 1137 1047 1200 quae
1059 1120 1145 1196 sola,
1161 1119 1391 1204 superioribus

300 1222 437 1286 saeculis
460 1221 580 1286 iterum
593 1224 723 1297 exorta,
738 1220 955 1284 certissimum
972 1227 1024 1282 est
1045 1239 1089 1283 ex
1104 1219 1246 1301 caligine
1262 1219 1393 1283 densis·

303 1320 390 1384 sima
414 1338 530 1388 omnes
551 1319 653 1384 etiam
681 1338 798 1384 sacras
821 1319 1043 1402 profanasque
1072 1319 1268 1402 disciplinas
1287 1339 1394 1386 emcr-

301 1421 387 1484 sisse
401 1422 556 1486 continuo
569 1421 604 1483 in
619 1420 863 1484 serenissimam
877 1420 1000 1496 lucem,
1016 1428 1172 1484 revocant
1181 1427 1292 1485 tamen
1302 1417 1393 1486 Aca·

302 1519 468 1584 demicam
483 1522 608 1605 pubem
634 1521 677 1584 ad
701 1540 799 1587 unum
820 1521 903 1586 illud
924 1528 959 1588 et
972 1523 1235 1586 recentissimum
1252 1521 1395 1588 Germa·

302 1621 368 1684 nia>
377 1621 434 1704 jus
446 1621 631 1703 publicum,
646 1621 710 1686 hoc
725 1626 777 1686 est
792 1621 837 1686 ad
864 1641 990 1686 meram
1010 1623 1215 1696 Barbariem,
1230 1623 1259 1685 si
1282 1623 1393 1686 solum

302 1717 499 1786 Academiis
514 1722 660 1798 incubet,
673 1741 734 1786 nec
755 1721 842 1786 scire
858 1721 1037 1805 quicquam
1059 1721 1162 1796 aliud,
1176 1723 1241 1786 nisi
1268 1727 1395 1787 suaset

304 1821 358 1884 sui
372 1823 534 1905 temporis
557 1842 611 1888 res
625 1821 803 1900 desideret,
819 1822 912 1905 quod
934 1823 1303 1907 Barbarieiqroprium
1328 1830 1394 1902 est,

304 1933 340 1992 et
355 1944 487 2007 semper
508 1925 582 1988 suit.
627 1923 807 2005 Ceteroqui
828 1925 1023 2004 neutiquam
1049 1932 1137 1989 certe
1159 1944 1222 2006 ego
1237 1925 1348 2002 velim,
1364 1925 1396 1989 si

303 2028 371 2092 mei
393 2045 446 2090 res
471 2032 561 2089 esset
582 2024 723 2100 arbitrii,
747 2023 978 2090 adolescentes
1002 2024 1086 2087 nihil
1110 2020 1234 2101 eornm,
1261 2043 1336 2107 quse
1360 2025 1395 2088 in

303 2147 367 2192 usu
381 2145 468 2189 nnnc
482 2125 654 2201 habentur,
677 2142 886 2206 cognoscere,
901 2131 958 2188 aut
971 2144 1032 2187 sua
1050 2125 1083 2188 in
1097 2127 1208 2207 patria
1222 2145 1298 2190 esse
1319 2125 1396 2190 hos-

303 2232 404 2314 pites,
417 2247 459 2292 ac
473 2226 621 2309 publicae
642 2226 691 2292 rei
710 2224 818 2300 mdes,
840 2225 901 2291 sed
922 2232 1098 2309 utrumque
1120 2247 1228 2310 agere,
1243 2229 1396 2292 laborum

303 2331 412 2394 facere
428 2327 564 2410 medus,
575 2326 668 2395 aliud
683 2327 719 2392 in
733 2324 929 2390 Academiis
943 2346 1058 2391 curare
1071 2329 1294 2412 potissimum,
1304 2328 1397 2392 aliud

303 2431 362 2493 ubi
368 2429 440 2512 jam
454 2430 497 2491 iis
511 2427 636 2491 relictis
651 2425 696 2488 ad
716 2444 768 2488 res
786 2426 949 2505 gerendas
964 2427 1137 2491 accedunt.
1181 2427 1252 2492 Hic
1274 2447 1340 2492 non
1355 2446 1398 2492 ea

305 2529 439 2613 quidem
451 2529 574 2592 nostris
587 2527 622 2590 in
637 2525 749 2592 tundis
765 2527 919 2592 atrociter
930 2527 1015 2592 adeo
1031 2533 1200 2610 grassatur
1214 2530 1398 2608 catamitus,

302 2630 363 2696 sed
378 2629 483 2692 nihilo
498 2637 606 2693 tamen
621 2627 731 2690 minus
745 2627 915 2709 pestilenti
931 2628 1037 2692 sidere
1051 2631 1174 2711 partim
1189 2630 1301 2696 mollis
1314 2631 1399 2694 edu·

307 2731 409 2807 catio,
424 2735 458 2793 et
470 2729 581 2810 segnis
595 2729 736 2805 luxuria,
748 2730 869 2811 partim
889 2730 975 2794 acris
993 2730 1107 2812 factio,
1119 2749 1194 2812 quse
1210 2733 1322 2794 omnia
1336 2731 1398 2796 do-

305 2838 362 2896 nat
374 2831 493 2895 studiis
507 2831 661 2913 partium,
675 2837 713 2898 at
727 2830 903 2908 doctrinae,
925 2831 1108 2908 industriae,
1135 2832 1258 2912 ingenii
1273 2831 1399 2895 meritis

305 2931 390 2995 nibil
403 2931 487 2995 facit
507 2932 636 3012 reliqui,
652 2929 780 2996 afflavit
794 2933 901 2995 bonas
915 2937 1014 3009 artes,
1030 2939 1066 2995 et
1079 2932 1243 3013 extinguit
1261 2926 1399 3014 penitus

305 3031 440 3112 ingenia
456 3030 629 3113 juvenum,
643 3031 700 3113 qui
713 3032 758 3095 nd
773 3031 980 3113 reipublicae
997 3050 1111 3098 curam
1127 3038 1161 3096 et
1174 3032 1293 3099 sntnrae
1314 3038 1399 3098 oeta-

304 3134 353 3195 ·tis
368 3131 471 3195 decus
485 3149 617 3212 surgere
630 3150 673 3195 cc
693 3131 815 3200 instrui
834 3131 1012 3218 debebunt.
1057 3132 1125 3196 Sed
1151 3140 1278 3216 quanto
1290 3135 1399 3214 magis

308 3233 418 3298 omnia
431 3249 520 3295 nnnc
536 3238 621 3295 retro
636 3237 743 3304 ruunt,
764 3233 1008 3314 quantomagis
1023 3233 1147 3300 exilem
1161 3233 1340 3317 redigimur
1361 3234 1398 3300 in

307 3351 490 3410 numerum,
518 3339 613 3397 tanto
637 3333 774 3416 astringi
796 3333 936 3410 arctius,
960 3322 1183 3418 sanctiusque
1208 3335 1274 3402 coli
1299 3334 1399 3401 decet

287 3433 581 3499 'necessitudinem
595 3433 701 3510 illam,
716 3453 794 3516 quae
810 3434 916 3498 semel
939 3435 1022 3500 inter
1042 3455 1172 3517 pancos
1186 3436 1262 3502 illos
1275 3455 1396 3502 eorun-

307 3535 384 3598 dem
406 3551 575 3606 sacrorum
591 3534 759 3598 antistites
783 3541 836 3599 est
861 3534 1057 3599 constituta.
1097 3535 1185 3602 *Tus
1209 3537 1244 3602 in
1265 3555 1319 3604 rne
1340 3555 1398 3602 vo·

205 3634 207 3639 ’
307 3633 453 3708 luntatis,
468 3635 640 3715 mutuique
663 3634 749 3697 inter
775 3653 836 3698 nos
858 3634 983 3698 amoris
1011 3643 1257 3702 monumentum
1282 3641 1398 3704 extare

308 3734 481 3818 publicum
496 3732 633 3797 voluisti
647 3733 747 3814 prior.
793 3733 907 3797 Meum
931 3740 982 3798 est
996 3741 1092 3802 tanto
1115 3737 1301 3806 studiosius
1323 3737 1399 3805 istis

308 3833 466 3900 amicitiae
494 3833 615 3898 officiis
633 3833 842 3917 respondere,
867 3839 901 3900 et
926 3853 1003 3902 cum
1026 3837 1174 3904 maxime
1196 3855 1399 3914 curatque,

305 3937 444 4001 subiato
466 3953 571 4018 nuper
586 3955 605 4000 e
621 3935 708 4000 vivis
721 3955 851 4002 snmrno
867 3937 915 4002 rei
929 3937 1090 4002 literarice
1103 3938 1206 4016 malo,
1218 3937 1303 4003 Viro
1316 3935 1399 4005 Arn-

308 4037 473 4122 piissimo,
497 4035 595 4100 Fred.
622 4037 747 4102 Bened.
774 4037 973 4120 Carpnovio,
998 4040 1171 4124 praecipuo
1194 4037 1400 4108 Commodi

309 4138 647 4204 nosuiConcilintore
656 4145 689 4204 et
702 4139 897 4221 Interprete,
912 4139 1004 4205 illius
1016 4159 1098 4206 usus
1111 4159 1200 4210 nunc
1211 4141 1398 4215 ,erotem
