3178 4948
469 369 517 414 on
541 367 661 416 senno
685 369 856 416 raorruo
881 371 954 420 nra.
977 373 1015 418 u.
1217 358 1275 422 171

185 506 328 588 imperia
341 514 361 540 ¹¹¹
383 505 505 570 ducum
529 509 793 590 exequentibus3
814 516 942 585 contra,
969 513 1040 574 sine
1061 513 1164 576 modo
1178 517 1280 596 atque

186 606 304 670 ordine
319 607 471 672 barbaris
484 609 666 670 ruentibus.
710 607 867 674 Ceterum
881 611 914 672 in
933 631 974 676 ea
995 631 1105 694 pugna
1119 613 1280 680 interfecti

102 771 105 780 ,
185 707 490 790 utriusquepartis
513 708 608 772 multi
635 709 813 789 mortales;
849 729 925 774 cum
950 730 1055 794 neque
1078 712 1280 778 instantibus

186 807 368 886 cederetur,
390 813 424 873 et
437 809 596 891 exemplo
610 811 832 874 strenuissimi
846 810 1010 895 cujusque
1024 814 1081 895 qni
1102 813 1203 896 juxta
1217 820 1280 877 ste-

183 913 278 984 terat,
306 910 511 992 aequiparare
537 911 677 990 gloriam
705 913 905 978 festinante
948 913 1088 976 Interim
1118 913 1279 978 vulnerati

185 1010 324 1090 graviter
336 1029 381 1074 ex
392 1010 545 1086 ducibus,
559 1011 646 1075 bello
661 1012 819 1076 decedere
831 1013 941 1076 coacti
955 1019 1044 1088 suut,
1054 1013 1280 1090 barbarorum,

184 1111 321 1188 AEness,
352 1110 540 1194 Sarpedon,
569 1109 731 1189 Glaucus,
756 1111 920 1187 Helenus,
945 1113 1155 1194 Euphorbus
1178 1111 1279 1196 Poly-

184 1209 318 1288 damas;
342 1218 540 1286 nostrorum,
552 1208 707 1294 Ulysses,
724 1209 904 1288 Meriones,
915 1210 1086 1276 Eumelus.
1118 1211 1202 1297 [39]
1218 1211 1281 1276 Ce-

184 1319 291 1374 terum
323 1309 499 1374 Menelaus
534 1311 618 1374 sorte
647 1312 864 1395 conspicatus
894 1310 1137 1390 Alexandrum,
1158 1332 1279 1395 magno

183 1411 310 1494 impetu
328 1412 412 1474 ruit:
435 1431 534 1493 quem
548 1413 687 1490 evitans,
708 1432 815 1495 noque
838 1413 964 1478 diutius
987 1399 1148 1478 sustinere
1172 1434 1278 1479 ausus

184 1512 388 1588 Alexander,
402 1512 511 1593 lugam
527 1513 631 1594 rapit.
677 1511 724 1576 At
739 1515 797 1576 ubi
810 1515 927 1596 procul
941 1514 1169 1580 animadvertit
1185 1514 1278 1578 Hec-

183 1621 246 1690 tor,
273 1632 470 1678 concurrens
494 1633 571 1678 cum
593 1615 783 1698 Deiphobo,
808 1616 1107 1699 comprehendere⁰
1134 1616 1277 1693 fratrem,

184 1733 328 1796 eumque
352 1715 465 1778 verbis
491 1713 768 1798 maledictisque*
801 1719 1005 1782 acrioribus?
1051 1719 1203 1794 insecuti,
1232 1718 1277 1782 ad

147 1873 150 1878 .
182 1822 387 1900 postremum
405 1824 540 1898 cogunt,
563 1824 601 1880 ut
616 1836 813 1899 progressus
830 1820 863 1882 iu
880 1817 1006 1882 medias
1021 1819 1122 1891 acies,
1137 1817 1277 1880 eundem

183 1914 374 1980 Menelaum
401 1918 710 2000 conquiescentibus
737 1920 886 2001 reliquis,
921 1919 1072 1982 solitario
1099 1917 1277 1980 certamine

182 2017 375 2083 lacesseret.
421 2017 525 2099 lgitur
539 2017 679 2082 reducto
702 2017 744 2081 ad
760 2017 882 2083 bellum
897 2019 1102 2095 Alexandro,
1125 2037 1276 2099 progres-

183 2135 288 2199 soqne
319 2125 397 2184 ante
424 2115 541 2195 aciem,
568 2118 658 2200 quod
686 2118 844 2200 siguumq
873 2120 1068 2182 lacessentis
1090 2118 1276 2194 videbatur,

182 2225 359 2301 postquam
375 2221 490 2302 procul
505 2219 739 2282 animadvertit
755 2219 941 2294 Menelaus,
965 2238 1051 2282 nunc
1070 2217 1204 2280 demum
1220 2237 1277 2280 oc·

183 2320 354 2382 casionem
368 2319 545 2385 invadendi
560 2321 823 2384 inimicissimum
837 2321 847 2354 ⁵
875 2322 941 2385 sibi
963 2320 1110 2384 maxime
1126 2318 1275 2382 oblatam

110 2485 112 2488 ,
182 2427 286 2497 ratus,
310 2429 345 2484 et
371 2411 546 2504 jamqueff
572 2420 741 2484 confidens
766 2421 915 2484 omnium
941 2421 1131 2506 injuriarum
1157 2435 1276 2501 poenas

181 2515 229 2608 lui
252 2523 409 2604 sangnine
433 2521 532 2606 eju's,r
554 2523 707 2587 omnibus
725 2521 844 2586 animis
859 2521 1032 2588 adversum
1048 2517 1163 2604 pergit·
1206 2517 1275 2581 Sed

170 2828 196 2892 *t
217 2830 312 2894 Delpb.
323 2830 539 2884 inimicissimi—n
551 2835 644 2902 Delplr.
651 2837 762 2899 jam-t
779 2839 837 2886 Vox
845 2835 931 2887 animis
942 2834 1015 2884 deest
1027 2833 1052 2883 in
1066 2831 1131 2882 Mra.
1142 2833 1276 2882 Mercerur

673 3013 779 3066 NOTAE

180 3137 306 3204 'xrruqui
317 3153 349 3188 es
362 3139 477 3190 Homero
487 3139 564 3191 docet
575 3142 707 3206 antiquum
747 3143 813 3192 τόνδ’
841 3141 935 3202 Ἕκτωρ
956 3141 1075 3191 νείκεσσεν
1096 3139 1149 3188 lter
1170 3139 1276 3203 σῖσχσσῖε

180 3211 257 3283 ilium
270 3215 375 3277 triginta
389 3217 479 3266 stadiis
492 3232 570 3281 supra
586 3218 649 3267 illud
661 3218 707 3268 Ili·
748 3217 853 3268 ἐπέεσσι·
868 3217 984 3279 Δύσπαρι,
994 3214 1053 3265 elder
1067 3215 1275 3276 ὅροστεησνωμσ·

180 3307 223 3340 um
239 3291 317 3341 irrisae
336 3293 406 3356 qnod
424 3308 469 3342 sus
485 3299 564 3344 aetate
589 3294 708 3343 ostende·
748 3293 795 3358 uls,
811 3290 967 3356 ἠπεροπευτά.
983 3293 1077 3340 ‘Hunc
1098 3291 1198 3338 Hector
1216 3302 1276 3340 cou-

179 3368 265 3418 btrtur.
747 3371 862 3432 spiratus
874 3366 1021 3430 objurgavit
1034 3364 1162 3428 probrosis
1176 3365 1274 3414 verbis:

179 3429 182 3494 ἶ
212 3443 219 3477 ¹
233 3445 280 3492 Per
290 3443 492 3506 distributionem]
507 3445 590 3493 Pront
602 3445 650 3494 sub
661 3459 706 3494 suo
747 3441 942 3498 ScelestePsri,
956 3439 1039 3487 forum
1050 3438 1276 3506 praestantissime,

177 3519 276 3585 quique
288 3517 353 3564 duce
365 3515 469 3565 fuerant
478 3518 618 3568 distributi.
747 3517 893 3572 mulierose,
903 3511 1046 3575 impostor?

180 3653 184 3658 Ι
211 3603 230 3627 ¹¹¹
248 3591 377 3655 Barbaria]
393 3591 522 3655 Trojanla.
779 3586 1276 3650 tProgressoqneartsocism,qnodstg·

180 3715 183 3724 ,
212 3679 223 3703 ¹¹
240 3667 507 3732 AEqrriprroregtcrinm
513 3667 655 3732 festinaret]
673 3668 707 3718 U·
747 3663 871 3727 sunda]
884 3661 929 3711 Ait
941 3670 1028 3712 noster
1041 3663 1119 3713 Parin
1131 3678 1162 3714 eo
1174 3669 1275 3716 tantum

179 3759 226 3794 nus
247 3744 355 3808 quisque
375 3742 484 3793 scilicet.
516 3743 605 3794 Malim
623 3752 707 3794 tamen
748 3740 868 3790 Menelao
879 3735 1042 3800 significasse,
1058 3752 1085 3788 se
1097 3753 1154 3788 curn
1166 3753 1197 3789 eo
1210 3741 1275 3790 velte

180 3819 345 3871 festinarent.
747 3815 882 3878 congredi,
901 3813 969 3877 quod
990 3813 1015 3862 in
1033 3813 1145 3863 medinm
1157 3829 1275 3877 progres-

212 3892 453 3958 ⁰Comprebendere]
481 3893 583 3944 Hector
607 3895 707 3944 scilicet
746 3897 880 3942 susesset.
912 3892 1008 3939 Verum
1027 3889 1155 3938 Homerus
1175 3890 1278 3950 scribit,¹

180 3975 208 4020 et
220 3969 379 4034 Deiphobus.
412 3969 455 4020 De
473 3969 586 4020 Hectore
606 3977 705 4020 tantum
747 3969 886 4020 Graecoset
896 3967 1019 4031 Trojanos
1032 3965 1112 4014 toedur
1124 3961 1233 4026 sortisse,
1246 3974 1275 4016 ut

181 4051 269 4100 narret
284 4045 430 4106 Homerum
446 4060 480 4096 ax
499 4059 527 4095 re
544 4044 706 4108 Deiphobum
746 4053 806 4094 nter
826 4043 991 4104 vimaranis
1013 4041 1150 4100 Helenam,
1170 4049 1197 4090 et
1217 4057 1275 4104 quta

181 4127 269 4169 noster
281 4119 388 4170 addidit.
746 4135 804 4171 cnm
816 4133 848 4168 ea
859 4119 969 4181 abrepta
980 4115 1093 4174 strarant,
1104 4115 1242 4166 obtineret.

225 4201 239 4236 Ρ
265 4195 401 4246 Maledictis
428 4193 567 4258 acrioribus]
601 4195 708 4246 Homer.
780 4191 946 4262 'Poenmflsss
963 4190 1135 4241 Exllnnrere.
1150 4191 1274 4257 Ὦςεχάρη
1345 4195 1349 4205 ·
