3136 4948
304 374 347 440 18
746 389 950 440 usurario.

303 549 403 613 quam
419 530 555 612 praedae,
571 530 631 594 sed
656 530 759 594 libros
774 550 819 594 ex
835 531 987 613 philyra?
998 531 1043 594 in
1067 533 1174 606 lucem
1190 531 1397 614 producturi.

303 631 352 700 Ar
370 632 431 694 ubi
453 651 532 712 spes
553 631 712 695 frustrata
733 639 797 708 est,
820 631 864 695 ad
887 631 1047 695 Prarrimq
1062 631 1230 696 dominum
1253 633 1320 697 loci
1335 655 1396 698 ecs

299 732 465 820 deferunt.
517 731 585 810 Qui
614 739 833 796 commutatos
862 732 969 795 literis
1006 730 1156 809 Atticis,r
1173 733 1261 797 nem
1290 737 1396 799 oratio

303 833 430 918 Graeca
458 833 574 908 luerat,
603 831 732 914 Neroni
757 831 914 914 Romano
941 830 1068 895 Caesari
1092 834 1224 912 obtulit,
1249 853 1398 918 proquo

303 933 456 1017 plurimis
479 936 522 997 ab
545 953 586 996 eo
602 932 744 996 donatus
763 937 823 995 est.
868 931 979 997 Nobis
1006 952 1082 996 cum
1110 933 1146 996 in
1168 953 1287 999 manus
1311 934 1398 998 forte

303 1034 409 1099 libelli
435 1035 614 1109 venissent,
627 1032 740 1096 avidis
755 1052 843 1096 verae
860 1032 1037 1110 Historiae,
1052 1033 1176 1116 cupido
1189 1034 1341 1112 incessit,
1356 1055 1400 1100 ea

302 1135 355 1198 uti
380 1141 484 1210 erant,
514 1133 632 1197 Latine
650 1132 851 1211 disserere:
884 1151 949 1196 non
973 1134 1081 1214 magis
1105 1133 1227 1220 contisi
1253 1136 1398 1218 ingenio,

302 1255 404 1318 quam
419 1241 457 1298 ut
471 1235 571 1298 otiosi
587 1233 686 1296 animi
703 1233 864 1313 desidiam
881 1232 1133 1297 discuteremus.
1177 1233 1399 1320 Itaqueprio-

304 1354 381 1399 rum
404 1335 551 1418 quinque
573 1333 786 1410 voluminum,
814 1353 890 1414 quae
919 1334 1010 1396 bello
1040 1341 1214 1398 contracta
1234 1342 1398 1422 gestaque

305 1439 395 1511 sunt,
410 1433 548 1504 eundem
569 1451 740 1510 numerum
762 1433 975 1497 servavimus.
1020 1433 1172 1498 Residua
1197 1435 1333 1522 quidem
1356 1439 1398 1501 de

305 1535 416 1599 reditu
436 1533 650 1597 Graecorum·
671 1534 708 1596 in
731 1554 834 1597 unum
857 1533 1054 1617 redegimus,
1081 1540 1182 1618 atque
1201 1534 1244 1601 ad
1260 1543 1292 1601 te
1308 1538 1399 1602 misi-

303 1654 391 1700 mus.
433 1632 500 1712 Tu,
515 1631 638 1698 Rufiue
652 1633 720 1711 mi,t
741 1640 776 1698 ut
798 1654 859 1717 par
877 1641 940 1713 est,
954 1633 1030 1699 save
1044 1637 1180 1720 coeptis.

331 1853 346 1886 Ρ
363 1845 411 1902 sm
426 1845 499 1894 libros
514 1859 545 1894 ex
553 1843 660 1908 philyra]
676 1843 745 1902 Vide
756 1849 831 1893 notus
870 1843 1003 1908 quofccto
1014 1845 1123 1896 Groeour
1134 1852 1400 1910 texturetrermorp·

302 1919 528 1984 anpraetarronem
548 1922 752 1972 uroohnriruiir
766 1923 832 1972 tilius
872 1920 968 1983 paruit.
1000 1920 1084 1984 snpr·
1100 1929 1187 1971 tumen
1204 1929 1295 1972 auctor
1310 1921 1402 1984 prurir-

300 1996 411 2060 digmit·
442 1999 477 2050 Et
485 1997 583 2060 optime
594 1998 631 2046 eit
641 1998 720 2046 libros
731 1987 763 2046 cx
775 1989 832 2062 plri'·
873 1993 951 2043 tionis
962 1995 1052 2044 scribit
1070 1994 1200 2046 Neronem
1209 1996 1316 2060 jussisse
1329 2003 1357 2044 ut
1368 2010 1400 2044 cc

301 2071 371 2135 lyra,
383 2072 444 2135 quia
453 2073 512 2121 liter
523 2073 627 2134 proprie
639 2082 679 2122 est
695 2081 786 2124 cortex
795 2075 833 2122 iu·
872 2069 899 2118 in
911 2069 1033 2122 Graeeum
1053 2085 1197 2122 sermonem
1208 2069 1401 2122 transferretur.

302 2144 434 2209 teriorqul
443 2145 470 2194 in
481 2146 592 2208 philyrae
602 2161 649 2195 acu
658 2146 835 2210 distinguitur.
875 2144 969 2194 Locum
982 2143 1033 2192 cdi.

303 2220 428 2270 Isidorus.
448 2220 548 2270 ‘Liber
564 2228 605 2271 est
622 2221 730 2270 interior
746 2223 835 2270 turrice
903 2224 913 2250 ¹
930 2217 1035 2266 Residrte
1052 2217 1144 2280 quidm
1162 2220 1192 2268 de
1208 2219 1288 2268 rodite
1305 2220 1401 2269 Groeco·

306 2296 421 2368 corticis,
438 2312 496 2360 qum
514 2298 583 2360 ligno
600 2298 724 2358 conaret,
742 2297 767 2346 in
784 2311 836 2360 qua
870 2292 937 2355 rum]
959 2293 1005 2343 Ait
1024 2309 1052 2342 re
1072 2295 1183 2344 reditum
1206 2295 1357 2346 Groeoorum
1374 2298 1400 2344 in

305 2373 404 2437 antiqui
426 2372 592 2422 scribebant?
612 2371 616 2380 '
634 2367 719 2438 Isque'
729 2374 833 2436 proprie
873 2371 950 2417 unum
969 2369 1063 2418 librum
1076 2370 1247 2430 contraxisse,
1259 2371 1320 2434 quic
1332 2371 1401 2432 apud

303 2447 397 2497 Graece
408 2445 494 2504 βίβλοε
506 2447 612 2496 dicitur.
696 2445 698 2450 '
871 2442 975 2493 suidam
991 2444 1090 2506 legerat
1106 2443 1213 2508 Dictyrn
1226 2445 1359 2508 scripsisse
1372 2446 1403 2494 li·

335 2522 405 2570 1Αά
428 2521 541 2584 Procim]
563 2521 616 2570 Hic
633 2521 738 2574 Pronior
757 2528 835 2572 vocat
874 2517 933 2566 bros
945 2532 1043 2566 norem.
1075 2517 1157 2567 Sedis
1169 2517 1403 2582 rutinicryscrae·

303 2610 382 2662 quem
404 2603 495 2646 auctor
523 2595 682 2659 paratoni,
710 2598 833 2660 nuptm.
873 2593 1358 2654 ous‚cliusanostro,etnostrnrnsox
1374 2594 1405 2646 li·

302 2673 365 2722 aaa.
873 2667 927 2716 bris
938 2667 1083 2717 absolutum
1093 2668 1151 2734 lpse
1162 2665 1285 2717 Praefatio
1304 2671 1404 2718 retulit.

335 2744 414 2816 'Qui
422 2748 572 2792 communior
582 2744 660 2794 literis
671 2744 772 2810 Atticis]
787 2745 834 2796 Ait
875 2745 979 2793 Mercer.
1164 2743 1167 2748 '

306 2817 481 2881 Eupraxidcm
492 2817 580 2868 literas
602 2819 712 2868 Punicus
726 2821 833 2870 volumi·
903 2819 978 2880 ⁸²¹1,
996 2819 1081 2884 Rufino
1099 2819 1144 2882 rrri]
1162 2819 1264 2883 Nempe
1276 2820 1403 2870 Arcadius

301 2907 365 2943 num
380 2893 482 2942 illorum
498 2892 524 2941 iu
539 2892 641 2944 Atticae
651 2887 833 2958 commutasse,
872 2896 1022 2959 vocabatur,
1031 2898 1063 2952 Q.
1073 2896 1192 2948 Aioodirrr
1200 2897 1309 2962 Rufinus.
