3178 4948
323 337 389 406 114
672 349 838 404 ,proauos
861 325 1069 402 andrensis

323 497 434 580 gratia
447 491 483 562 id
499 495 677 582 parabatur
693 493 828 572 bellum,
849 497 1034 578 etproptcr
1047 511 1202 576 magnam
1217 509 1320 577 epum
1336 493 1421 570 sim,

309 599 451 682 cuibus
471 605 593 681 praeter
607 603 740 662 cetoros
755 595 901 662 Graeciae
915 612 1008 677 reges
1022 613 1159 676 magnus
1184 602 1285 677 atque
1304 594 1418 668 clarus

324 698 522 774 habebatur,
543 697 660 762 merito
683 697 882 762 acciderat*
927 695 1014 760 Dein
1041 695 1143 777 duces
1169 696 1419 778 praefectosque

324 798 461 863 navium
476 797 655 874 Achillem,
670 796 880 880 Ajacem,¹et
896 796 1105 863 Phoenicem⁴
1119 795 1299 860 destinant.
1322 797 1419 864 Pte,

324 905 511 983 ponuntur⁵
535 900 636 963 etiam
651 899 829 981 campestri
844 898 1008 966 exercitui
1024 896 1225 962 Palamedes
1239 915 1316 962 cum
1332 897 1420 962 Dic.-

322 1001 419 1066 mede
442 1007 478 1064 et
501 999 637 1082 Ulysse‚
663 999 714 1064 ita
741 1005 779 1062 ut
803 999 888 1064 inter
912 1011 948 1062 se
972 997 1136 1076 diurnas,l
1159 998 1420 1082 vigiliarumque

322 1103 414 1166 vices
429 1101 638 1184 dispertiant.
682 1101 751 1166 His
776 1099 934 1184 peractis,
953 1099 997 1166 ad
1020 1099 1187 1183 parandas
1206 1119 1290 1182 opes
1311 1106 1417 1182 atque

319 1203 543 1267 instrumenta
557 1202 698 1279 militiae,
712 1203 834 1284 singuli
854 1203 888 1268 iu
910 1221 970 1266 sua
984 1221 1082 1284 regna
1096 1200 1281 1265 discedunt.
1324 1199 1418 1272 Inte-0
1447 1191 1452 1203 ¹

324 1305 386 1366 rim
401 1302 481 1366 belli
494 1301 606 1366 studio
629 1302 764 1368 ardebat
788 1303 895 1368 omnis
920 1302 1075 1368 Graecia:
1098 1321 1200 1380 orma,
1223 1302 1302 1379 tela,
1325 1305 1417 1386 equi,

322 1409 555 1486 aureamque
576 1403 648 1468 haec
671 1405 785 1469 omnia
804 1413 878 1470 toto
893 1405 1048 1470 biennio¹
1070 1409 1316 1485 praeparantur:
1338 1423 1419 1472 cum

317 1501 477 1584 juventus
491 1503 612 1586 partim
626 1523 688 1568 sua
700 1511 832 1587 sponte,
841 1505 899 1570 alii
914 1505 1094 1588 aequalium
1108 1504 1152 1568 ad
1166 1503 1301 1586 gloriam
1314 1523 1418 1568 eamus

321 1603 446 1667 latione
461 1603 597 1669 munia⁶
611 1605 739 1670 militiae
754 1605 957 1670 festinarent.
1001 1604 1068 1669 Sed
1085 1606 1169 1668 inter
1183 1603 1270 1680 haec,
1283 1623 1419 1674 summa

321 1723 416 1780 cura,
431 1704 483 1768 vis
496 1723 617 1788 magua
639 1707 777 1790 navium
798 1706 968 1790 praecipue
990 1703 1193 1770 lubricatur:
1217 1704 1350 1770 scilicet
1375 1725 1419 1772 ne

322 1805 546 1870 multa-millia
556 1809 762 1872 exercituum
774 1806 922 1890 undique
934 1824 1065 1870 versum
1075 1815 1089 1842 ⁸
1103 1807 1248 1870 inunum
1259 1806 1418 1883 collecta,

322 1905 452 1970 incuria
464 1906 666 1988 navigandib
688 1909 905 1972 tardarentur.
949 1907 1419 1992 [1⁷.]1giturperact0bien·
1509 1901 1513 1910 ’

325 2006 383 2070 nio
398 2005 441 2082 ari
457 2007 600 2072 Aulidae
622 2006 781 2086 Boeotiae,
794 2019 874 2072 nam
888 2009 919 2072 is
935 2009 1032 2074 locus
1048 2009 1199 2074 delectus
1213 2007 1333 2087 iuerat,
1347 2011 1419 2074 siu·

322 2106 394 2188 guli
412 2127 505 2189 reges
521 2129 584 2192 pro
606 2108 767 2174 facultate
790 2129 892 2191 opum
913 2112 1069 2193 regnique
1088 2111 1268 2174 instructas
1286 2109 1419 2177 classes

321 2209 542 2289 praemittunt.
586 2209 641 2274 Ex
668 2211 745 2293 quis
774 2210 905 2292 primus
930 2209 1161 2293 Agamemnon
1188 2231 1234 2276 ex
1264 2212 1419 2297 Mycenis

320 2322 426 2373 naves
441 2308 597 2388 centum,d
620 2311 784 2395 aliisque⁷
800 2313 998 2394 sexaginta,⁸
1012 2332 1098 2398 quas
1113 2329 1158 2377 ex
1174 2312 1318 2378 diversis
1333 2314 1419 2378 civi·

777 2471 960 2494 Ommb

315 2565 557 2630 Phariamque-tt
574 2567 667 2630 Delph.
689 2569 903 2632 Proponite-e
921 2574 1002 2621 Deest
1022 2573 1054 2622 ud
1078 2579 1139 2622 ente
1158 2572 1239 2622 munio
1262 2573 1289 2620 in
1315 2570 1417 2634 Delph.
1523 2600 1525 2606 ·
1569 2579 1570 2582 ’

321 2629 422 2679 ‘Deice
434 2630 549 2680 voculam
558 2633 599 2694 od,
611 2639 639 2681 et
653 2633 690 2684 ita
704 2633 801 2682 Noster
813 2635 886 2684 tuitio
894 2635 940 2685 lib.
952 2637 1005 2686 1113
1019 2637 1181 2699 Vindium-‘l
1199 2637 1294 2700 Deiph.
1303 2637 1418 2706 aliusque.

699 2796 706 2806 '
815 2795 922 2848 NOTAE

319 2880 420 2932 niouem
433 2895 536 2936 secratur
547 2888 666 2952 Euripid.
683 2891 708 2940 in
722 2892 809 2956 lphig.
821 2894 847 2942 in
888 2895 968 2945 statii.
979 2897 1042 2946 circ.
1052 2896 1129 2946 finem
1144 2897 1176 2946 li.

318 2959 408 3010 Aulid.
425 2959 491 3021 titul
505 2967 648 3026 πρωηηεῖν
663 2965 723 3018 rard
736 2967 847 3020 Meuium
919 2978 932 3004 ⁵
950 2970 1172 3036 Undiquecmam]
1196 2970 1281 3021 Unica
1298 2983 1363 3020 voce
1380 2971 1419 3020 le·

318 3034 390 3098 χάριν
405 3037 513 3102 Edono,
530 3037 649 3101 emano
662 3059 701 3103 γε.
731 3045 787 3094 ‘Et
806 3059 847 3094 me
887 3045 999 3107 gendum
1023 3035 1225 3110 adipisceretur·
1269 3044 1314 3094 Sic
1334 3045 1418 3104 Solio,

319 3113 411 3166 ducent
422 3115 553 3166 exercitur
567 3117 594 3166 iu
610 3119 723 3169 Menelai
736 3121 847 3182 gratiam
887 3122 928 3167 iiil-
940 3121 947 3147 ⁶
958 3119 1172 3184 undiqueversum
1183 3133 1341 3184 quousqurm
1354 3134 1418 3182 gen·

318 3183 463 3253 elegerunt,
482 3192 537 3255 ejur
556 3191 681 3244 fratrem.¹
714 3195 765 3244 Sed
788 3210 845 3246 eam
887 3193 950 3243 tium
963 3195 1058 3244 sinted
1076 3195 1173 3259 regiam
1190 3194 1336 3246 Memnonia
1353 3208 1419 3244 cnu-

317 3262 545 3324 refutntEortnth.
559 3273 587 3317 et
597 3269 701 3318 alteram
712 3270 845 3332 amplecti·
886 3271 1001 3320 reuera!

317 3343 375 3400 ‚trrr3
385 3354 501 3404 namque
509 3340 731 3405 *Agamemnonem
748 3345 844 3398 ducem
917 3345 929 3380 b
940 3347 1183 3410 Incurinaorigordi]
1194 3347 1257 3410 Pro,
1263 3345 1362 3396 incuria
1371 3360 1417 3396 eo·

315 3415 428 3466 oninium
444 3414 555 3484 factum,
570 3419 639 3482 qood
657 3428 759 3470 cetero·
777 3421 844 3470 diri·
885 3437 942 3472 rum
954 3437 1010 3488 que
1030 3424 1063 3474 ad
1082 3422 1252 3487 nauigandum
1268 3422 1417 3478 necessaria

317 3489 359 3538 tiir
368 3498 514 3554 superaret,
525 3493 621 3556 quippe
632 3495 675 3558 qui
686 3504 782 3558 prater
793 3497 844 3546 Pe·
886 3503 969 3546 erent.

316 3563 483 3624 loponnesum
497 3567 582 3628 plures
591 3569 739 3620 insulareub
747 3572 845 3623 ditione
917 3580 928 3608 ⁰
945 3572 1048 3636 Aulide]
1069 3573 1151 3624 Juxta
1162 3573 1286 3635 Euripum
1298 3571 1417 3622 Euboeae.

316 3643 429 3700 teneret,
441 3647 469 3687 ut
482 3639 609 3707 Rhodum,
620 3644 747 3708 AEgiuum,
756 3651 807 3698 dre.
916 3647 929 3681 ὅ
948 3648 1141 3710 illucescentem]
1158 3648 1266 3711 suppia,
1277 3647 1417 3711 premisit,

349 3717 366 3743 '
382 3711 473 3760 Merito
493 3714 623 3780 medear]
649 3719 727 3768 Certe
753 3721 844 3771 rescri·
885 3721 1003 3778 adduxit,
1013 3727 1063 3773 dre.
1082 3724 1118 3772 Et
1128 3723 1270 3774 Homerum
1280 3725 1417 3788 precipue

316 3783 429 3835 bendum
449 3787 585 3840 ‘accidit-⁹
629 3792 687 3842 Nisi
708 3792 780 3843 dicas
798 3795 843 3846 liic
884 3795 926 3845 hic
943 3799 1060 3861 requitur
1078 3799 1179 3857 Dictys,
1197 3799 1249 3847 etsi
1267 3797 1301 3846 ab
1319 3812 1351 3847 eo
1368 3799 1416 3851 ali-

316 3861 416 3910 Noster
427 3863 493 3919 male
506 3869 623 3926 tempora
634 3872 756 3921 mutasse.
884 3871 985 3935 qnando
1000 3871 1118 3922 diversor
1130 3873 1203 3934 abit3
1219 3873 1288 3937 quod
1306 3887 1356 3936 ego
1370 3874 1416 3924 inl·

347 3944 360 3970 ¹
370 3937 480 4003 Aiacem]
491 3939 670 3994 Telamonium
681 3943 843 4012 mittereque
882 3946 985 3999 dicatae
1002 3954 1133 4010 contentu,
1149 3948 1247 4012 reliqna
1263 3949 1416 4011 preteribo,

315 4011 410 4064 Adrilli
421 4014 595 4064 consobrinus.
882 4021 927 4072 ubi
939 4037 996 4074 aum
1009 4025 1054 4074 illo
1063 4023 1194 4087 congruit.

347 4098 359 4133 r
378 4090 499 4154 Diuraoa]
516 4091 617 4155 Repete
628 4091 636 4120 ‘
649 4091 735 4144 vices!
914 4105 925 4132 0
941 4098 1054 4163 Aliaeque
1063 4099 1202 4163 remma]
1220 4098 1305 4148 Nemo
1317 4100 1415 4149 nouri-

346 4170 358 4198 ⁸
376 4163 432 4214 mro
442 4165 547 4229 timulo]
565 4166 624 4226 vid.
637 4169 690 4220 loc.
702 4168 777 4238 incip.
791 4171 854 4222 liu·
882 4172 928 4224 det
938 4175 1082 4239 legendum
1098 4189 1169 4226 erae:
1189 4175 1289 4239 ultraue
1299 4171 1426 4247 congia?
