3152 4950
329 395 394 462 242
682 411 844 470 niceros
867 411 1073 466 caereusrs
1136 458 1139 466 .

331 554 496 630 Ceterum,
512 557 549 618 ut
563 553 733 636 cognitum
755 561 819 632 est,
835 560 917 637 post
929 551 1117 618 Alexandri
1132 551 1302 618 interitum
1316 554 1422 620 invisa

330 655 363 718 ei
377 655 466 738 apud
480 654 618 738 Trojam
631 654 725 718 fuere
740 655 862 732 omnia,
876 653 1149 736 desideratusque
1166 653 1210 716 ad
1234 673 1317 718 suos
1336 653 1421 719 redi·

330 763 397 820 tus.
440 754 591 820 Atracis
606 754 711 832 initio,
725 755 848 838 quihus
866 755 1065 836 imperatum
1083 758 1166 830 erat,
1182 753 1225 816 ad
1241 771 1420 820 naresve·

328 855 433 932 uiuet,
449 854 617 918 decretum
632 855 753 918 civium
771 854 900 917 cunctis
922 858 1065 917 narrant.
1110 852 1231 934 Itaque
1253 873 1331 918 cum
1347 857 1418 938 qui·

328 957 392 1020 bus
415 963 542 1033 antea,q
571 954 615 1020 ad
638 953 960 1037 confirmandaquae
988 961 1117 1036 tempus
1139 955 1306 1030 monebat,
1329 965 1419 1019 secess

330 1057 424 1121 dunt.
469 1055 524 1119 Ihi
545 1075 621 1119 cum
642 1053 750 1117 multa
764 1053 806 1118 de
828 1053 999 1136 republica
1022 1073 1062 1117 ac
1085 1072 1213 1117 summa
1231 1073 1336 1118 rerum
1352 1055 1420 1119 dis·

331 1162 485 1234 sererent,
508 1157 710 1220 voluntatem
735 1173 868 1237 quoque
892 1153 1035 1218 Helenae
1058 1154 1192 1230 docent,
1220 1157 1420 1239 veniamque

329 1268 434 1322 orant.
479 1257 524 1319 Et
545 1257 589 1319 ad
612 1261 815 1340 postremum
838 1253 1034 1317 confirmant
1056 1254 1138 1316 inter
1160 1273 1197 1316 se
1219 1255 1420 1336 proditionis

328 1358 528 1440 pactionem.
573 1355 661 1419 Dein
685 1355 744 1418 ubi
769 1361 902 1436 tempus
927 1355 1037 1416 visum
1057 1359 1118 1430 est,
1142 1373 1218 1418 cum
1239 1355 1362 1438 Ulysse
1386 1365 1420 1419 et

329 1457 497 1521 Diomede
513 1456 557 1520 ad
565 1455 702 1538 Trojam
717 1457 867 1530 veniunt,
879 1453 1028 1518 cohibito
1037 1451 1160 1538 Ajace'
1174 1457 1217 1518 ab
1227 1455 1345 1533 AEnea,
1359 1458 1422 1520 sci·

328 1557 411 1620 licet
435 1576 476 1620 ue
494 1563 589 1639 qua·
613 1554 743 1618 insidiis
759 1557 1002 1636 opprimeretur
1016 1555 1093 1618 talis
1108 1555 1169 1632 vir,
1189 1575 1289 1638 quem
1311 1557 1420 1620 solum

322 1656 460 1726 ,barbari
472 1674 540 1718 non
555 1673 651 1718 secus
665 1672 765 1736 quam
779 1653 946 1718 Achillem
959 1655 1160 1718 metuebant.
1206 1654 1311 1737 Igitur
1326 1662 1419 1738 post-

326 1775 428 1838 quam
446 1756 552 1820 duces
567 1753 679 1818 Graeci
695 1754 730 1816 in
748 1754 882 1817 civitate
904 1753 1077 1836 conspecti
1096 1759 1183 1831 sunt,
1198 1757 1310 1819 cuncti
1324 1757 1419 1820 cives

329 1855 454 1918 tollunt
469 1873 530 1938 spe
552 1855 692 1931 animos,
710 1853 942 1917 existimantes
964 1853 1064 1917 finem
1081 1854 1161 1918 belli
1176 1845 1278 1938 atque
1293 1855 1419 1936 discor·

328 1955 468 2018 diarum.
512 1954 631 2037 Itaque
653 1972 793 2036 propere
813 1957 949 2016 senatus
963 1953 1111 2032 habitus,
1126 1955 1183 2018 uhi
1197 1956 1317 2020 nostris
1331 1975 1418 2038 praa

329 2056 481 2118 sentibus
494 2054 692 2129 decernitur,
707 2053 848 2134 primum
862 2051 1006 2116 omnium
1023 2052 1259 2118 Antimachum
1270 2074 1316 2118 ex
1327 2059 1418 2120 omni

328 2155 476 2238 Phrygia
496 2153 720 2229 exulandum,²
746 2152 873 2216 scilieet
896 2159 1063 2216 auctorem
1084 2154 1165 2217 tanti
1193 2155 1284 2220 mali.
1330 2155 1417 2220 Dein

328 2275 427 2339 super
454 2254 642 2319 conditione
665 2252 760 2335 pacis
782 2253 917 2316 tractari
932 2258 1089 2334 coeptum.
1133 2253 1194 2336 [5.]
1226 2254 1319 2328 Inter
1342 2273 1417 2339 quae

326 2362 461 2438 repente
475 2356 632 2437 strepitus
647 2373 692 2417 ex
710 2354 883 2435 Pergamo,
899 2354 955 2416 ubi
970 2353 1061 2435 regia
1076 2353 1201 2420 Priami
1210 2362 1224 2390 ¹¹
1249 2363 1333 2436 erat,
1349 2357 1418 2422 cla·

301 2483 307 2488 ·
326 2475 462 2540 merque
477 2458 590 2537 ingens
606 2455 727 2518 editur.
759 2453 887 2531 Quare
902 2454 1022 2518 turbati
1038 2453 1095 2536 qui
1109 2453 1144 2516 iu
1157 2455 1299 2520 consilio
1311 2465 1414 2535 eraut,

326 2558 416 2621 foras
431 2557 620 2640 prosiliunt,
635 2556 808 2620 credentes
823 2554 963 2618 insidias
978 2561 1124 2618 tentatas
1145 2555 1245 2619 solito
1257 2557 1271 2589 v
1285 2570 1306 2619 a
1319 2573 1416 2639 regu·

325 2656 379 2720 lis.
425 2655 545 2738 Itaque
564 2656 599 2718 in
616 2655 777 2738 templum
790 2655 951 2720 Minervae
966 2673 1108 2737 propere
1123 2652 1324 2721 concedunt.
1369 2657 1415 2722 At

325 2757 440 2839 paullo
455 2762 545 2838 post,
561 2775 606 2820 ex
626 2756 679 2818 his
693 2757 751 2838 qui
767 2774 811 2818 ex
831 2774 908 2819 arce
922 2755 1174 2832 descenderant,
1188 2757 1414 2836 cognoscitur,
1479 2793 1482 2800 ⁴

326 2854 509 2919 Alexandri
524 2855 625 2932 filios,
641 2875 725 2938 quos
739 2874 784 2918 ex
801 2854 933 2918 Helena
952 2862 1157 2936 susceperat,
1176 2871 1256 2918 casn
1272 2875 1413 2921 camerae

326 2955 509 3018 extinctos:
531 2955 631 3037 hique
643 2963 736 3019 erant
754 2955 935 3031 Buuomus,
950 2951 1134 3036 Corythus,
1149 2959 1251 3037 atque
1269 2955 1414 3020 Idaeus.W

812 3164 922 3242 'nore

357 3309 631 3374 computarere]
646 3309 847 3366 Serieseat,‘ad
885 3368 888 3372 ,
917 3319 930 3344 ¹¹
949 3311 990 3360 Ex
1009 3311 1411 3378 pergamenarum]

325 3383 498 3434 confirmanda
518 3399 576 3450 que
596 3393 698 3449 tempus
719 3385 847 3446 monebat,
886 3384 956 3435 llinc
978 3385 1173 3448 intelligendum
1194 3385 1258 3436 illud
1279 3387 1354 3452 Virg.
1381 3403 1410 3440 ιι.

324 3461 449 3510 recedunt
460 3475 517 3512 cam
529 3461 619 3511 iisdem
631 3461 723 3526 quibus
735 3459 831 3510 antea?
885 3459 943 3509 AEu.
966 3459 1049 3509 ‘ldae
1059 3457 1117 3509 finis
1129 3460 1225 3510 Priami
1236 3459 1359 3522 fatorum,
1370 3465 1411 3515 hic

356 3536 489 3586 *coarcto
507 3535 593 3601 Aiace]
622 3537 663 3588 Ne
684 3551 742 3586 cum
762 3537 792 3586 iia
813 3535 846 3586 ad
885 3532 969 3582 exitus
981 3532 1052 3582 illum
1070 3533 1148 3582 Sorte
1168 3535 1237 3596 tulit,
1253 3535 1359 3600 Trojam
1376 3539 1411 3587 iu-

323 3607 496 3671 Trcjarnlrat.
885 3621 988 3656 censam
999 3613 1028 3656 et
1039 3607 1159 3671 prolapsa
1170 3609 1301 3658 ridentem
1315 3611 1410 3676 Perga·

355 3689 364 3713 ⁸
381 3681 420 3729 Ne
429 3681 486 3744 qua]
503 3683 595 3746 Deest,
606 3683 656 3733 via.
885 3680 945 3731 ma.'
977 3679 1120 3744 Pergamus
1132 3688 1216 3732 autern
1229 3689 1287 3732 erat
1298 3683 1341 3734 Ilii
1352 3701 1410 3747 arx,

355 3756 363 3787 ²
380 3755 543 3817 flectendam]
560 3756 635 3820 Apud
651 3755 714 3806 alios
726 3755 781 3806 fere
793 3747 846 3807 om'·
885 3770 964 3822 quare
976 3753 1041 3804 iutra
1052 3754 1124 3814 dicit,
1141 3761 1192 3806 ‘er
1207 3757 1238 3806 iis
1249 3759 1292 3821 qul
1305 3773 1339 3808 ex
1350 3775 1409 3810 arce

323 3844 370 3880 nes
391 3843 494 3893 semper
515 3827 647 3890 inveniaa3
674 3829 768 3880 ‘dorne
788 3847 846 3882 mea
883 3830 1088 3881 descenderant:
1120 3831 1185 3882 lude
1201 3831 1409 3896 quaelihetarces

322 3903 408 3958 exulo,
429 3904 517 3952 exulat
544 3903 636 3966 pater!
668 3904 845 3968 Sed-eeurper
883 3905 1132 3967 drerae‘Pergama:

321 3978 395 4026 deest
405 3980 566 4028 accusativus
578 3985 716 4042 cognatum
741 3983 845 4044 exulare
916 3989 926 4012 v
944 3981 1032 4042 Solito]
1048 3979 1215 4041 subauditur,
1225 3981 1331 4032 ‘more’

322 4054 390 4100 enim
401 4053 513 4102 activum
529 4051 616 4115 est‚'ut
632 4061 703 4104 recte
715 4055 765 4116 hio,
776 4059 845 4118 apud
916 4062 930 4085 Ψ
948 4055 1078 4112 Burmmcr,
1092 4055 1210 4118 Corythus
1229 4061 1308 4118 atque,
1321 4057 1407 4120 Idoeas]

321 4128 430 4192 Dictyu.
464 4130 498 4178 Et
509 4128 605 4191 Hygia.
617 4129 668 4179 sah.
676 4133 716 4179 26.
733 4125 846 4180 ‘Medea
884 4131 1001 4182 Quatuor
1010 4137 1193 4181 commemorat
1200 4119 1351 4187 'l'aetresJin
1362 4135 1407 4196 hy·

320 4202 413 4250 iterum
424 4203 559 4252 exulaturl
867 4218 870 4222 ·
885 4207 971 4270 cephr.
985 4206 1024 4266 Ἐξ
1038 4205 1189 4268 Ἀλεξάνδρου
1200 4205 1222 4254 ol
1231 4205 1341 4258 πλείονές
1351 4217 1407 4270 φασι
