3178 4948
320 387 365 452 84
756 404 844 452 nun.
867 371 986 451 surns'

321 550 488 616 littorales
503 551 539 613 in
553 549 683 614 Troade
698 549 793 614 Caici
810 553 992 633 tangebant
1009 549 1122 633 ostia,)
1139 571 1225 616 uxor
1241 551 1414 635 Hectoris,

321 653 378 715 cui
392 650 523 732 peperit
537 650 753 732 Astyanacta.
797 649 902 713 Hom·
917 651 960 714 ΙΙ.
976 656 999 720 i.
1044 651 1195 716 Hectore
1209 672 1289 718 vero
1310 656 1414 720 inter·

322 762 411 819 emto
426 763 461 818 et
474 755 577 836 Troja
596 759 707 836 capta,
724 753 874 838 Pyrrhus
896 774 971 820 cam
992 757 1026 822 in
1042 753 1209 819 Graeciam
1231 757 1358 834 avexit,
1380 764 1415 822 et

321 876 364 922 ea
386 855 581 924 'Molossum
603 856 763 938 suscepit.
821 853 890 932 Qui
923 861 1032 920 temen
1062 862 1185 940 postea
1210 855 1415 922 Hermiones

321 975 468 1022 amorem
498 964 750 1040 captattS,·eam
781 955 926 1032 Heleno,
954 956 1080 1022 Priami
1111 956 1201 1040 regis
1226 955 1309 1034 filio,
1337 975 1413 1028 cunr

319 1061 414 1138 parte
428 1059 519 1138 regni
542 1056 642 1122 dedit.
664 1053 756 1136 Virg.
774 1071 830 1116 ιιι.
845 1055 923 1118 AEn.
935 1055 1009 1120 295.
1025 1055 1170 1122 Pansae.
1186 1055 1221 1118 in
1235 1052 1339 1122 Attio.
1376 1053 1378 1058 ’

362 1157 518 1220 Amorem
544 1158 578 1219 in
606 1175 649 1220 ea
677 1153 885 1237 conjugalem
909 1155 1029 1220 laudat
1055 1153 1212 1233 OvidiuS,
1237 1171 1261 1218 ι.
1284 1153 1364 1222 Am.
1377 1157 1410 1222 9.

320 1257 401 1336 eleg.
411 1255 503 1320 hisce
517 1257 648 1320 verbis:

363 1355 495 1420 Hector
511 1358 553 1422 ab
568 1354 821 1423 Andromaches
835 1355 1069 1440 complexibus
1087 1355 1160 1424 ibat
1174 1355 1209 1422 in
1224 1355 1339 1437 armis,

406 1455 451 1522 Et
464 1458 592 1540 galeam
609 1457 724 1540 capiti,
739 1476 817 1540 quae
833 1443 937 1533 daret,
952 1459 1038 1520 uxor
1052 1464 1132 1522 erat.
1350 1449 1353 1456 ¹

248 1631 250 1634 .
363 1555 490 1622 Verum
526 1563 559 1622 et
593 1555 665 1641 ejus
701 1557 736 1620 in
763 1555 903 1620 adversa
930 1555 1062 1620 fortuna
1089 1555 1313 1623 constantiam
1345 1557 1413 1624 alii.

322 1655 460 1740 Quippe
476 1664 683 1726 contentum
694 1657 803 1723 mariti
828 1657 916 1720 luxit
937 1662 1077 1720 mortem
1101 1661 1134 1720 et
1156 1653 1271 1740 Trojae
1286 1656 1414 1724 debiles

321 1757 454 1840 aspexit
475 1757 602 1834 ruinas,
628 1758 687 1822 sed
717 1765 752 1821 et
783 1759 854 1834 filii,
882 1757 923 1820 de
945 1763 1032 1822 turre
1054 1757 1269 1840 praecipitati,
1301 1757 1414 1824 lacera

321 1859 466 1922 membra
481 1859 636 1940 colligere
652 1858 715 1925 fuit
736 1865 866 1922 coacta.
909 1855 1075 1924 Videatur
1097 1856 1236 1934 Seneca,
1250 1857 1286 1922 in
1299 1855 1414 1926 divina

229 1975 232 1981 ⁴
319 1955 462 2020 Troade.

364 2056 622 2124 Andromaches
643 2066 753 2122 autem
778 2057 900 2123 faciem
924 2062 1035 2122 servat
1057 2057 1282 2124 Chaoniorum
1305 2054 1414 2126 Num·

240 2168 241 2172 ’
322 2176 398 2220 mus
414 2157 549 2240 elegans
564 2158 652 2243 apud
668 2157 852 2235 Goltzium,
868 2157 978 2222 Graec.
996 2172 1051 2220 ιιι.
1066 2155 1152 2226 Tab.
1166 2156 1198 2219 9.

519 2387 674 2455 xxru.
718 2384 864 2463 Atax,
886 2349 1216 2458 erraremus.

685 2553 689 2558 -
715 2517 794 2580 Lrs.
810 2534 846 2582 v,
869 2515 958 2580 crs.
973 2519 1026 2581 15.

321 2651 388 2716 ‘At
402 2651 488 2716 lucis
505 2651 668 2734 principio
682 2647 825 2732 Ajacem
840 2647 874 2712 ia
894 2647 1004 2711 medio
1019 2647 1206 2715 exanimem
1223 2647 1414 2730 offendunt3

362 2753 651 2834 perquirentesque
666 2750 784 2814 mortis
801 2769 919 2830 genus,
935 2749 1198 2814 animadvertere
1213 2749 1299 2814 ferro
1314 2749 1416 2814 inter-

363 2850 514 2916 sectum!

362 2966 484 3040 Aiax,
500 2965 591 3030 filius
604 2965 801 3033 Telamonis
824 2971 858 3028 et
872 2965 1052 3044 Hesiones,
1067 2986 1143 3050 quae
1166 2966 1254 3048 regis
1269 2965 1414 3033 Laome·

321 3065 435 3130 dontis
450 3066 530 3130 filia.
564 3065 662 3130 Ovid.
676 3065 816 3132 Metam.
829 3083 869 3128 ιι.
881 3068 956 3132 217.
980 3065 1175 3133 Graecorum
1187 3065 1414 3136 fortissimus:

320 3167 504 3252 etquidem
530 3165 794 3244 invulnerabilis,
809 3171 1030 3250 praeterquam
1055 3168 1091 3230 in
1111 3167 1242 3232 cervice
1261 3167 1347 3236 etin
1361 3167 1414 3235 la-

321 3278 402 3334 tere.
446 3267 579 3350 Quippe
587 3267 656 3352 (sic,
670 3270 791 3334 saltem
807 3269 851 3332 ad
872 3268 1040 3350 Lycophr.
1055 3264 1214 3350 Taetzes)
1228 3287 1303 3333 cum
1319 3267 1413 3332 Hcr·

320 3369 414 3433 cules
442 3368 620 3456 aliquando
646 3369 818 3432 Salamina
840 3367 968 3444 adienS,
995 3367 1209 3432 Telamonem
1239 3361 1413 3449 inviseret,

317 3470 365 3532 ihi
379 3470 491 3552 Ajaci,
514 3468 622 3532 adhuc
649 3456 775 3544 tenero,
790 3467 905 3550 injecit
920 3463 1030 3542 λεοντῆν
1047 3485 1153 3542 suam,
1170 3473 1343 3548 precatus,
1359 3474 1412 3562 ut,

321 3587 390 3650 qua
415 3575 589 3648 tegeretur,
613 3567 860 3630 invulnerabilis
889 3565 981 3630 fieret
1010 3565 1178 3648 puerulus.
1223 3565 1322 3646 Ergo,
1343 3587 1411 3648 qua

320 3685 386 3730 non
400 3667 581 3745 tegebatur,
595 3663 686 3748 Ajax
711 3665 827 3734 factus,
837 3666 1063 3737 vulnerabilis.
1107 3664 1242 3738 Achille
1268 3672 1409 3740 mortuo,

320 3772 356 3832 nt
378 3766 552 3848 proximus
576 3765 695 3854 haeres,
725 3766 798 3846 ejus
822 3785 921 3838 arma,
936 3769 1054 3848 petiit3
1077 3786 1188 3832 verum
1211 3764 1409 3830 Graecornm

320 3885 488 3951 proceres,
508 3865 702 3946 eloquentia
730 3867 825 3942 moti,
848 3866 921 3929 haec
945 3865 1062 3950 Ulyssi
1084 3867 1256 3930 tradidere.
1302 3865 1411 3942 Unde,

321 3988 392 4052 prae
414 3966 591 4029 nimiaira
614 3966 796 4044 insaniens,
816 3967 850 4030 in
876 3987 1001 4050 pecora
1024 3969 1129 4046 irruit,
1144 3985 1255 4049 eaque
1272 3966 1409 4043 occidit,

321 4066 458 4131 Atridas
485 4071 585 4148 atque
609 4064 766 4149 Ulyssem
795 4085 871 4131 sese
893 4067 1078 4131 interimere
1093 4066 1238 4132 credens.
1280 4064 1410 4129 Verum

322 4167 499 4236 admontis
521 4165 699 4232 sanitatem
714 4168 844 4236 rediens
866 4183 903 4232 et
924 4184 1276 4260 erroremagnoscens,
1296 4165 1410 4246 gladio
