3178 4948
228 943 244 974 ,
345 833 752 952 DICTYOS
811 833 1334 955 CR'ETENSIS

548 1107 625 1183 DE
663 1109 841 1185 BELLO
875 1107 1133 1186 TROJANO
1218 1158 1222 1164 -

724 1371 872 1436 LIBER
908 1373 958 1437 II.

644 1625 1035 1638 ffl—

293 1828 516 1930 Posnounu
546 1853 589 1918 ad
616 1849 827 1918 Moesorum¹
863 1853 1054 1934 regionem⁸
1093 1856 1267 1920 universas
1301 1857 1390 1922 clas·

293 1955 470 2018 sescenti
493 1956 661 2036 appulere,
695 1972 838 2035 propere
862 1972 992 2032 omneS,
1021 1955 1115 2038 signo
1152 1956 1244 2032 dato,
1281 1966 1388 2022 neves

288 2050 394 2118 littori
410 2053 616 2118 admovent.²
661 2055 750 2118 Dein
771 2053 882 2136 egredi
905 2056 1132 2138 cupientibus,
1148 2077 1169 2120 a
1190 2057 1388 2124 custodibus

291 2153 360 2218 leci
375 2153 448 2238 ejus
463 2155 598 2220 obviam
612 2156 696 2220 itum
711 2162 782 2218 est:
808 2173 868 2217 eos
890 2173 1032 2238 namque
1045 2157 1230 2240 Telephus,
1245 2160 1389 2242 quitum

292 2253 430 2320 Moesiae
445 2255 625 2338 imperator
638 2261 720 2330 erat,
734 2273 804 2338 qno
820 2254 925 2318 omnis
940 2257 1032 2337 regio
1052 2259 1096 2322 eb
1112 2259 1302 2323 incursione
1316 2279 1390 2324 me·

290 2355 474 2419 ritimornm
491 2357 637 2420 hostium
653 2355 890 2432 defensaretur,
903 2355 1007 2420 littori
1033 2360 1237 2440 praefecerat.
1282 2359 1389 2444 Igitur

291 2455 352 2520 ubi
367 2455 571 2522 descendere
587 2457 809 2539 probibentur,
822 2475 929 2539 neque
945 2459 1038 2538 prius
1049 2461 1249 2542 permittitur
1270 2466 1389 2526 terrem

292 2557 450 2638 attingere
473 2576 573 2639 quem
598 2559 841 2640 regi,'quinem
864 2567 989 2636 essent,
1010 2560 1258 2640 nuntiaretur3b
1280 2563 1389 2626 nostri

291 2657 400 2740 primo
416 2677 491 2740 quae
508 2657 700 2722 dicebantur
713 2658 888 2740 negligere,
913 2665 947 2722 et
971 2661 1090 2742 singuli
1103 2663 1246 2742 navibus
1266 2663 1388 2745 egredi.

294 2753 382 2820 Dein
397 2765 576 2840 postquam
592 2757 824 2822 ecustodibus
839 2759 919 2822 nihil
941 2762 1177 2838 remittebatur,
1203 2769 1238 2826 et
1257 2782 1388 2828 summe

749 2937 883 2960 ΟΜΙΝΙΙΟ
886 2939 931 2959 ΙΟΙ

325 3053 338 3096 l
359 3049 455 3116 Delph.
467 3051 665 3102 Medorum-2
682 3053 777 3124 Delpb.
796 3056 1006 3105 admoverunt—8
1023 3054 1214 3118 Delpb.uc.-l
1232 3053 1386 3118 Belouno-

784 3195 892 3247 NOTIE

324 3289 391 3340 ‘Ad
409 3291 547 3340 Moesiorum
563 3291 695 3356 regionem]
720 3293 818 3357 Perpe-
858 3291 967 3354 Mysiam
980 3290 1385 3355 appulsum‚ibiquedebellatum

290 3379 343 3414 rom
363 3366 481 3414 Moesiam
497 3374 525 3415 et
535 3367 646 3430 Mysiam
658 3367 819 3431 distinguunt
858 3381 969 3430 pugnum
989 3381 1047 3415 cum
1065 3367 1190 3430 Telepho,
1210 3367 1267 3417 fore
1287 3370 1386 3420 descri-

290 3443 340 3492 viri
356 3443 439 3502 docti,
453 3445 488 3494 ita
506 3451 535 3494 nt
550 3445 594 3494 ille
610 3447 747 3510 Europus,
762 3447 817 3497 baec
858 3443 924 3492 bunt
944 3444 1053 3493 Tzetzes
1081 3443 1106 3490 in
1130 3443 1337 3508 Lycoplrronem,
1357 3453 1388 3496 et

289 3519 408 3569 Asiatica
419 3521 461 3570 rit.
489 3521 514 3570 N
517 3537 556 3569 am
569 3528 677 3586 utruque
688 3537 750 3572 vere
762 3523 819 3587 My·
860 3519 979 3568 Enstutb.
992 3518 1067 3568 iliad.
1079 3523 1098 3567 1.

291 3595 330 3642 sia
350 3595 430 3656 dicta,
452 3596 540 3655 mnata,
561 3603 653 3659 postea
670 3599 771 3660 Mesia,
790 3608 818 3649 et
889 3594 999 3650 ¹’Quam
1014 3595 1077 3656 reri,
1094 3594 1384 3657 ruimeerentmno'o·

289 3669 348 3732 ipso
365 3669 450 3732 Mysia
468 3670 583 3718 Asiatico
599 3671 632 3720 ab
643 3673 725 3722 ultera
737 3675 816 3722 Euro·
856 3671 934 3733 retur]
962 3670 1005 3719 De
1025 3683 1095 3718 more
1118 3670 1235 3718 scilicet:
1253 3670 1291 3718 ric
1314 3674 1384 3734 apud

291 3759 359 3806 pree,
371 3744 425 3792 sive
436 3744 556 3804 Thracia,
567 3751 625 3794 orte
634 3757 682 3796 est.
706 3747 746 3796 De
758 3747 816 3810 My·
855 3745 948 3807 virgil.
971 3745 1057 3792 Palles
1070 3745 1175 3793 AEuesm
1187 3745 1267 3792 littori
1280 3760 1327 3796 ruo
1338 3761 1384 3810 sp·

291 3819 330 3868 rio
349 3825 434 3868 autem
453 3817 570 3868 Asiatica
581 3820 621 3868 bic
633 3820 746 3883 loquitur
756 3823 817 3871 Dic·
856 3823 956 3884 pulsum
964 3823 1117 3885 alloquitur:
1132 3822 1200 3872 ‘Qui
1209 3836 1302 3884 genus,
1311 3824 1382 3872 unde

290 3900 342 3958 tyr,
352 3909 410 3958 quae
421 3895 490 3945 circe
500 3894 604 3944 Caicum
617 3903 645 3944 et
656 3895 819 3958 Pergamum,
855 3901 949 3950 domo?
960 3914 1083 3964 pacemne
1094 3901 1144 3950 hue
1154 3898 1276 3964 femineo
1286 3903 1383 3951 urmal'

290 3969 577 4020 ubi'l'entbruuiumom
583 3972 817 4035 recrementum
855 3976 934 4026 Hunc
947 3993 1033 4026 rursm
1039 3977 1146 4026 AEneasr
1163 3975 1329 4027 ‘Evandrum
1337 3993 1383 4041 pe·

290 4061 346 4108 rex,
355 4048 495 4112 Telephum
510 4047 633 4096 Herculis
649 4055 677 4098 et
689 4047 776 4112 Auges
788 4049 816 4098 ti-
856 4051 950 4112 timus;
972 4051 1041 4102 ferte
1062 4053 1128 4114 brec,
1150 4058 1177 4100 et
1196 4050 1277 4103 dicite
1298 4053 1382 4104 lector

290 4121 353 4172 lium
372 4124 517 4186 adoptavit,
535 4123 611 4188 eique
630 4138 737 4186 regnum
757 4125 816 4174 reli·
858 4125 997 4175 Dardanius
1011 4127 1110 4186 venisse
1122 4127 1210 4184 ducet,
1224 4129 1295 4178 socie
1310 4143 1384 4180 arma

291 4198 356 4261 quit.
390 4200 512 4250 Ceterum
532 4199 600 4250 hunc
620 4198 775 4264 Argivorum
789 4200 815 4252 in
854 4203 995 4266 regentes.¹
