3112 4950
472 393 520 441 nn
545 387 664 440 annno
687 391 856 443 ruorsuo
880 393 954 445 nra.
979 395 1027 447 vr.
1219 381 1289 452 283

192 547 247 618 trs,
261 537 321 622 qni
342 555 406 600 uua
425 534 468 598 ad
484 535 653 600 oraculum
670 543 835 614 venerant,
857 538 1036 603 contemtui
1055 539 1216 606 habentes
1230 562 1284 607 aa·

190 639 342 704 cendunt
355 656 486 714 navem,
500 637 677 721 medioque
685 637 752 702 fere
766 641 878 721 spatio
890 640 1025 704 fulmine
1040 641 1097 706 icti
1112 643 1286 710 intereunt.

194 741 340 816 Interim,
354 739 404 802 uti
419 737 611 821 praedictum
627 737 788 804 divinitus
802 743 885 818 erat,
896 741 1014 806 ecdem
1028 742 1099 806 ictu
1111 742 1284 812 fulminum

192 841 315 907 sedata
330 840 487 916 vismoli,
510 839 730 923 immorsaque
752 842 847 918 mari,
868 850 903 906 et
920 843 1013 926 regio
1032 844 1142 907 omnis
1156 847 1286 928 repleta

193 943 354 1026 frugibus,
395 940 474 1022 [12]
496 940 663 1004 Paridem
678 949 808 1026 tempus
823 943 1078 1027 Neoptolemus,
1091 945 1286 1012 confirmato
1379 943 1385 980 ’·

191 1043 261 1127 jam
277 1063 352 1107 cum
363 1041 576 1116 Hermiona*
594 1043 817 1122 matrimonio,
839 1045 993 1130 Delphos
1009 1043 1053 1110 ad
1068 1044 1286 1128 Apollinem*

193 1145 407 1227 gratulatum,
429 1143 519 1228 quod
534 1145 568 1208 in
590 1151 759 1210 auctorem
775 1153 923 1228 patemae
936 1147 1042 1211 caedis
1057 1145 1285 1214 Alexandrum
1320 1169 1322 1174 ·

196 1246 398 1322 vindicatum
426 1251 528 1323 esset,
564 1244 793 1328 proficiscitur,
821 1247 936 1312 relicta
964 1247 999 1310 in
1027 1247 1126 1311 domo
1153 1245 1286 1312 Andro·

194 1347 326 1424 macha,
335 1349 476 1430 ejusque
488 1346 558 1411 filio
570 1346 807 1425 Leodamante,
817 1348 874 1431 qui
885 1349 1047 1432 reliquus⁵
1058 1347 1129 1431 jam
1140 1349 1286 1415 filiorum

192 1447 358 1514 Hectoris
386 1447 606 1531 superfuerat.
650 1447 718 1512 Sed
744 1447 956 1513 Hermionay
984 1456 1064 1532 post
1087 1449 1285 1516 abscessum

196 1549 270 1628 viri,
286 1550 377 1614 victa
392 1549 503 1614 dolore
519 1547 633 1626 animi,
654 1568 760 1630 neque
776 1549 965 1631 pellicatum
980 1551 1122 1634 captivae
1138 1552 1285 1634 petione,

195 1657 362 1732 parentem
377 1671 473 1716 suum
496 1650 686 1715 Menelaum
702 1653 843 1716 accitum
859 1652 978 1716 mittit:
1002 1652 1070 1730 cui,
1089 1654 1192 1716 multa
1203 1669 1287 1718 con·

109 1815 111 1820 .
192 1758 318 1834 questa
342 1771 439 1835 super
460 1751 581 1835 injuria
600 1752 750 1834 praelatae
766 1752 831 1816 sibi
847 1771 868 1816 e
882 1753 952 1816 viro
966 1755 1111 1836 captivae
1127 1753 1284 1830 mutiana,

225 2083 240 2128 t
259 2078 353 2144 Delptr.
365 2080 502 2142 Hermiou,
513 2085 540 2129 et
551 2079 588 2130 sic
600 2079 750 2144 passion-5
768 2080 863 2143 Delph.
873 2079 977 2143 reliquis.

688 2277 795 2329 Noun:

228 2398 719 2468 ¹DelphosodApottiuemJSeholiastes
760 2401 804 2456 lta
819 2405 886 2456 enirn
905 2405 1042 2470 Euripides
1059 2406 1086 2455 iu
1098 2401 1305 2464 Andromacha.x

194 2479 302 2530 Pindari
322 2479 375 2529 Od.
391 2483 416 2528 7.
442 2479 517 2530 Nam.
528 2487 556 2529 at
566 2480 720 2533 scholiastes
761 2483 947 2545 Neoptolemus
957 2483 1010 2532 ahit
1020 2477 1286 2546 Delphoapiacatnm

196 2555 327 2618 Euripidis
344 2556 369 2604 in
383 2554 487 2610 Oreste,
501 2556 618 2605 scribunt
632 2557 720 2621 Neop·
761 2556 905 2620 Apollinem
917 2573 992 2622 quern
1008 2567 1121 2620 patema
1137 2557 1215 2608 cadis
1225 2560 1287 2610 olim

196 2634 316 2682 tolernnm
329 2631 443 2695 Delphos
455 2631 611 2696 profectum,
622 2641 651 2682 ut
661 2647 721 2683 con·
761 2633 921 2696 postularat:
933 2640 991 2697 post
1002 2635 1058 2698 ejus
1066 2631 1206 2683 discessum
1218 2632 1286 2682 Her·

195 2709 292 2757 suleret
318 2709 448 2756 oraculum
480 2723 557 2771 super
584 2709 720 2760 sterilitate
760 2707 893 2769 minuare
909 2709 1027 2772 zelotypa
1047 2707 1143 2757 habena
1159 2707 1287 2769 ergaArt·

193 2785 353 2845 Herrnionoe,
365 2799 421 2848 qnae
433 2784 517 2833 nultos
528 2785 565 2833 itti
579 2784 667 2836 liberis
678 2801 725 2849 pa·
760 2781 926 2845 dromachau,
944 2783 969 2832 ei
986 2795 1076 2832 necem
1090 2782 1221 2846 liberoque
1232 2783 1287 2846 ejus

196 2859 287 2922 piabat.
325 2858 469 2922 Euripides.
487 2861 512 2907 in
533 2859 726 2925 Andromacha,
759 2858 873 2908 Molosso
881 2857 1187 2918 machinataMenelaum
1199 2871 1287 2908 accar-

196 2935 232 2985 ait
241 2951 299 2986 eum
308 2934 421 2998 Delphos
433 2934 588 2998 protectum,
597 2943 627 2986 ut
638 2935 726 3000 placa·
759 2934 802 2985 ait.
836 2933 1016 2985 Andromacha
1025 2935 1050 2982 id
1060 2934 1164 2984 audiens
1176 2947 1286 2998 puerum

195 3017 235 3062 iet
253 3011 406 3075 Apollinem,
422 3025 496 3074 qrrem
513 3018 589 3061 antea
606 3019 721 3075 patarum
760 3010 896 3074 ablegavit,
907 3011 1013 3076 ipsaque
1030 3007 1099 3073 fugit
1113 3008 1145 3058 ad
1162 3010 1287 3073 templum

194 3085 275 3136 credis
298 3085 451 3148 postularat.
482 3086 526 3135 Sic
546 3086 624 3147 enirn,
644 3085 722 3137 ’Aser
759 3086 885 3136 Thetidis.
917 3087 969 3136 Sed
981 3087 1024 3152 qui
1036 3101 1093 3135 cum
1104 3087 1225 3134 Menelao
1243 3100 1288 3134 va·

194 3163 298 3230 amedu
309 3159 361 3208 aar
380 3157 441 3221 aiau,
458 3157 592 3225 irtahottp
602 3160 721 3221 ilamal·
759 3170 861 3218 nerant.
877 3169 905 3211 et
921 3161 1002 3211 titium
1019 3163 1182 3224 invenerunt,
1193 3162 1286 3224 ipsam·

194 3235 359 3300 imiamins,
379 3234 408 3294 ἣν
426 3235 487 3295 ror',
506 3233 530 3286 ir
550 3235 720 3302 nmhnoaim,
761 3251 811 3300 que
839 3237 974 3299 deceptam
1005 3233 1152 3285 eduxerunt
1179 3235 1287 3299 tempto,

191 3314 283 3373 Ἤτησε
312 3313 399 3368 Φοῖβον
417 3311 504 3374 πατρὸς
524 3309 552 3360 οὗ
572 3330 628 3362 τινα
644 3312 720 3376 δίκην,
756 3313 861 3376 jamque
877 3319 1015 3375 utrumqne
1026 3314 1100 3358 erant
1116 3307 1291 3374 interfecturi,

196 3395 245 3440 &c
267 3388 335 3451 apud
358 3402 416 3436 enm
435 3387 624 3452 Andromacha,
651 3390 719 3440 ‘Ah-
761 3383 1288 3448 cumadvenientePeteo,prohibitisunt.

195 3479 254 3514 sens
279 3461 438 3526 Delphorum
461 3464 533 3512 cirea
554 3472 658 3527 terram,
676 3465 720 3514 uhi
761 3464 896 3511 Menelaus
907 3462 985 3511 rediit
1001 3463 1133 3524 Spartam,
1146 3459 1288 3512 Hermione

196 3535 310 3604 Apollini
323 3553 410 3601 poenas
421 3537 473 3586 Dat
484 3537 587 3598 furoris,
598 3555 649 3604 quo
660 3541 720 3589 olim
761 3547 846 3587 autem
859 3538 1037 3601 poenitentiam
1055 3535 1195 3599 simularit,
1207 3538 1290 3588 verita

196 3615 228 3665 ad
256 3612 403 3664 Pnthonam
431 3613 546 3675 veniens,
571 3613 723 3665 Postulavit
761 3615 926 3677 praesentiam
940 3613 1113 3678 Neoptolemi.
1141 3611 1289 3665 Adveniens

194 3683 321 3740 Phoebum
340 3689 419 3738 caedis
432 3697 546 3752 pateruae
561 3689 633 3755 cujus
647 3691 723 3741 solvit
762 3693 848 3738 arrtem
867 3687 983 3748 Orestes,
1002 3687 1168 3740 Hermionam
1183 3688 1288 3754 quidem

196 3761 302 3831 prenae?
332 3765 429 3814 Verum
452 3763 652 3828 atiiaffirruant,
670 3767 724 3817 Ne·
761 3763 866 3815 reduxit
877 3765 996 3830 Spartam
1005 3773 1032 3814 et
1041 3763 1211 3828 Neoptolemo
1219 3757 1288 3827 apud

195 3843 353 3908 optolemnm
374 3839 491 3903 Delphos
514 3841 602 3902 ivisse,
618 3847 647 3889 nt
667 3841 723 3905 ejus
762 3839 998 3904 Delptroaiusidias
1016 3841 1119 3889 struxit.
1152 3837 1230 3902 laque
1249 3839 1287 3887 iu·

196 3909 318 3984 ¹templum
337 3916 471 3979 expilaret.
503 3915 539 3963 Et
555 3915 724 3978 eauropinio·
762 3915 888 3966 terleotus
910 3922 1066 3980 asportatur.
1099 3914 1179 3964 Peleo
1200 3920 1287 3966 antam

196 4009 255 4044 nem
267 3991 465 4044 reustmitiorem
477 3988 542 4038 dicit
551 3989 638 4040 strab.
649 4005 691 4040 rx.
763 3993 859 4042 volenti
870 3993 957 4056 lugere
969 3999 1096 4040 mortuum
1107 3989 1198 4040 Thetis
1208 4006 1288 4054 appa·

228 4079 239 4113 ¹
255 4069 302 4120 Sed
313 4065 443 4119 Hermiona
456 4061 610 4134 [Hermione]
619 4072 671 4130 post
682 4065 723 4117 ot·
762 4083 832 4131 rens,
848 4069 915 4118 hunc
926 4065 1028 4133 qnidam
1042 4067 1124 4130 jussit
1139 4069 1165 4120 in
1176 4067 1288 4134 Delphis

195 4133 365 4208 scommairi]
391 4143 466 4193 Hauc
485 4141 617 4190 historiam
636 4141 722 4194 hausit
761 4143 874 4207 sepeliri,
892 4139 1095 4192 Andromacham
1113 4145 1199 4195 antam
1217 4141 1287 4200 mitti

197 4236 231 4291 ea
251 4219 387 4284 Euripide,
400 4217 540 4269 immutatis
559 4215 720 4284 quibusdam.
763 4217 796 4269 ad
808 4219 934 4270 Molossos
945 4232 1003 4268 eum
1013 4231 1102 4284 puero.
