3152 4950
233 862 640 984 orcuuos
699 864 1269 1022 cunuuusls

436 1138 514 1216 DE
551 1139 728 1216 BELLO
763 1141 1020 1218 TROJANO
1265 1177 1269 1189 ·

602 1399 749 1469 LIBER
784 1401 854 1470 111.

529 1655 922 1696 :W

178 1873 354 1964 Iurnuru
371 1917 430 1982 per
446 1903 551 1963 totam
572 1897 722 1982 hyemem
737 1895 843 1963 dilato
858 1897 1107 1980 conditionibus
1131 1901 1166 1966 in
1187 1909 1271 1988 tenr7

177 2019 244 2082 pus
258 1999 358 2078 bello,
374 1999 489 2064 Graeci
504 2005 639 2076 cuncta,
656 2017 733 2081 quae
754 1999 790 2062 in
811 1998 871 2063 tali
886 1999 957 2063 otio
971 2001 1091 2068 militia
1104 2022 1271 2090 exposue-

176 2099 248 2177 bat,
263 2101 378 2166 intenti
401 2101 511 2165 animo
528 2097 667 2165 summis
690 2097 813 2163 studiis
838 2097 1067 2188 festinabant·
1110 2103 1269 2188 Namque
1324 2169 1326 2178 ,

177 2220 241 2284 pro
256 2195 369 2266 vallob
383 2199 562 2266 multitudo
577 2200 734 2264 universa
748 2201 850 2265 variis
863 2201 1010 2266 bellandi
1022 2204 1196 2283 generibus
1210 2223 1271 2288 per

176 2300 280 2368 duces
293 2302 527 2392 populosque⁰
547 2287 724 2376 instructu,
741 2307 777 2366 et
791 2301 835 2364 ob
850 2299 891 2364 id.
900 2319 990 2366 more
1006 2303 1134 2390 optimo
1147 2302 1270 2368 divisis

177 2401 220 2465 ad
236 2401 345 2468 officia
360 2421 422 2467 sua
436 2401 635 2488 quibusque,
650 2400 727 2466 hino
744 2399 869 2486 jaculis
883 2400 1056 2466 hastarum
1071 2402 1146 2467 vioe
1168 2402 1270 2468 sabri-

177 2503 275 2582 oatis,
289 2523 398 2588 neque
412 2501 564 2587 nondam
585 2506 646 2568 aut
665 2520 819 2568 mensura
840 2501 1062 2579 inferioribus,
1086 2508 1119 2568 et
1145 2505 1270 2588 quibus

176 2623 242 2668 nou
257 2603 345 2668 alia¹
368 2611 472 2681 erant,
494 2602 652 2686 praeustis
668 2601 828 2682 sudibus3
849 2601 941 2665 illino
956 2603 1087 2683 sagittis
1102 2610 1270 2669 certantes

176 2706 260 2770 inter
276 2725 312 2770 se
326 2707 482 2782 invicem,
497 2701 541 2767 ad
563 2701 700 2767 multum
715 2701 802 2765 diem
816 2721 993 2784 exercere3
1016 2703 1075 2768 alii
1090 2705 1186 2769 saxis
1200 2713 1271 2772 ute·

173 2805 306 2872 bantur.
349 2803 416 2870 Sed
438 2806 526 2870 iuter
547 2803 740 2888 sagittarios
760 2804 906 2868 maxime
929 2804 1101 2870 anteibant
1114 2804 1270 2892 Ulysses,

174 2905 313 2985 Teucer,
329 2906 508 2984 Meriones,
521 2904 637 2990 Epioe,
654 2903 845 2969 Menelaus.
888 2901 1010 2988 Neque
1025 2905 1174 2985 dubium,
1189 2909 1270 2992 quin

53 3078 56 3082 ,
173 3007 260 3072 inter
272 3007 334 3076 hos
348 3013 481 3076 tamen²
503 3005 707 3092 praecelleret
722 3003 931 3088 Philocteta3
953 3007 1081 3093 qnippe
1107 3009 1269 3076 Herculis

173 3108 365 3190 sagittarum
380 3109 546 3188 dominus,
562 3113 596 3173 et
608 3108 772 3172 destinata
786 3107 923 3172 feriendi
937 3110 1005 3172 arte
1019 3109 1192 3174 mirabilis.
1222 3107 1271 3174 At

70 3203 74 3208 ’
172 3203 311 3290 Trojani
343 3227 419 3276 oum
450 3207 674 3280 auxiliaribus
701 3205 849 3274 laxiores
879 3207 1013 3285 militia,
1043 3227 1152 3291 neque
1181 3209 1271 3274 eirca

160 3309 394 3394 flexercitium³
419 3311 543 3379 soliciti
557 3308 733 3376 secordias
749 3307 885 3392 agitare.
928 3305 982 3372 Ao
1003 3325 1097 3392 saepe
1112 3309 1184 3372 sine
1197 3309 1269 3376 ullo

206 3572 220 3616 l
243 3565 338 3630 Delph.
360 3579 388 3614 eu
408 3570 512 3616 noa-2
533 3565 629 3628 lleiplr.
651 3567 713 3626 jam.
740 3561 928 3627 ‘Legendumss
950 3561 987 3610 ait
1007 3562 1098 3612 Barth.
1119 3562 1204 3614 ‘inter
1226 3566 1269 3618 lor

171 3633 260 3682 etium:
277 3629 388 3680 Videtur
407 3629 545 3692 trajectum
563 3628 651 3690 futore,
669 3631 711 3680 tor
729 3630 793 3678 inter
810 3627 891 3687 etiem,
910 3624 979 3674 unde
996 3626 1097 3675 amireis
1115 3627 1268 3681 literarum.¹

115 3686 118 3696 ’
172 3693 295 3757 Vinding.
312 3693 375 3742 nihil
396 3693 547 3743 mutandum
569 3699 674 3754 reaten
694 3691 757 3752 ‘jorn
772 3698 837 3748 tuisf
854 3689 892 3739 ita
909 3688 1003 3752 ubique
1023 3689 1122 3740 Noster
1142 3694 1269 3757 usurpate

173 3764 222 3807 -3
239 3759 339 3821 Delph.
354 3758 499 3808 exereitum
526 3753 619 3808 Barth.
637 3755 802 3808 scribendum
825 3759 901 3820 purat
921 3753 984 3804 circo
1004 3755 1153 3820 eneruem,
1173 3758 1268 3821 impro·
1349 3761 1361 3774 ⁸

175 3951 178 3958 ⁴
667 3899 774 3954 soria

196 4007 216 4033 *⁸
232 3998 398 4064 sentuno]
422 3995 530 4061 opum·
540 4001 548 4030 ⁴
558 3995 698 4047 iertluare'
769 3992 782 4029 i
798 3995 850 4046 Pro
859 3989 932 4054 uallo]
957 3992 1234 4055 lucrementum.
1258 4029 1261 4036 .

173 4074 284 4124 activum
296 4075 396 4139 posuit:
410 4073 447 4124 eie
456 4073 536 4125 Orld.
545 4071 622 4134 dixit,
632 4071 698 4121 ‘ten
769 4078 781 4105 θ
798 4071 849 4119 Per
863 4067 933 4120 tum
947 4065 1097 4132 mutoque]
1119 4067 1266 4124 seeundum

174 4151 256 4199 tiuare
282 4149 386 4200 venter!
427 4148 544 4211 Tacitus,
563 4146 698 4210 ‘virginer
737 4144 995 4208 duoeeetpepu1013
1011 4143 1037 4192 iul
1053 4151 1102 4206 ert,
1116 4143 1211 4208 singuli
1226 4159 1266 4198 κ.

173 4223 346 4274 ΐειῐὶηιηιιπ.’
378 4223 469 4285 virgil.
485 4221 630 4272 ‘sentinare
643 4221 698 4286 jur·
738 4219 814 4269 oraim
826 4218 993 4274 subulonibus
1005 4217 1066 4266 uuir.
1102 4263 1106 4274 ,
1171 4255 1173 4260 .
1252 4253 1255 4260 .
