3112 4950
299 315 364 388 836
669 331 832 386 oraaurs
855 328 1015 384 rnnrerr

170 557 178 568 ⁸
298 483 403 554 mato,
417 483 454 542 et
472 474 688 560 jurejurando
713 477 877 553 astricto,⁰
903 475 1023 540 suadet
1046 473 1265 559 Polydamas,
1287 484 1398 544 noctu

299 578 479 642 exercitum
493 577 535 640 ad
557 581 686 660 portam
707 576 840 640 Scaeam
855 582 893 638 ut
906 575 1089 653 adducant,
1104 577 1165 640 ubi
1179 579 1396 642 extrinsecus

298 683 403 760 eaput
417 678 494 759 equi
511 677 636 762 pictum
651 683 731 754 est,¹³
753 678 802 741 ibi
814 677 974 761 praesidia
988 677 1111 742 habere
1126 687 1227 743 noctu
1240 676 1400 742 Anteno-

297 797 367 844 rem
379 797 454 842 cum
468 777 627 854 Anchise,
638 777 871 859 exercitusque
885 783 991 840 noctu
1012 783 1142 859 portam
1161 785 1399 856 reseraturoS,q

298 879 414 960 eisque
428 878 538 942 lumen
553 878 752 960 prolaturos.
796 876 840 940 Id
855 875 984 958 signnm
999 876 1187 958 eruptionis
1199 876 1279 955 fore,
1295 880 1398 961 quod

295 978 346 1042 ibi
360 983 485 1060 praesto
499 978 606 1043 forent
619 979 678 1060 qui
700 977 745 1041 ad
767 978 893 1060 regiam
919 995 978 1041 eos
1001 976 1135 1040 ducant.
1180 977 1259 1061 [AL]
1281 978 1395 1042 Post-

297 1098 398 1162 quam
412 1085 532 1162 pacta⁹
546 1078 743 1144 confirmata
756 1083 847 1155 sunt,
863 1076 1066 1160 Polydamas
1080 1077 1117 1139 in
1130 1076 1292 1160 oppidum
1307 1079 1396 1142 red-

295 1177 348 1258 it,¹
379 1178 468 1244 facta
493 1181 672 1256 renuntiat,
698 1178 780 1243 dicit
801 1177 966 1242 Antenori
988 1183 1022 1241 et
1046 1178 1177 1254 AEueae,
1200 1179 1397 1262 ceterisque

296 1279 493 1362 quibuscum
506 1284 616 1344 actum
629 1287 712 1356 erat,
728 1285 767 1344 ut
790 1297 871 1343 suos
895 1296 1009 1362 omnes
1034 1277 1076 1340 ad
1100 1277 1233 1342 Scaeam
1257 1285 1396 1360 portam

295 1379 476 1456 adducant,
491 1387 596 1444 noctu
611 1381 743 1446 Scaeam
756 1387 889 1463 portam
903 1378 1067 1461 aperiant,
1081 1379 1190 1442 lumen
1202 1377 1393 1456 ostendant,

294 1480 476 1544 exercitum
490 1481 715 1546 introducant.
758 1479 909 1543 Antenor
924 1484 958 1542 et
972 1479 1100 1542 AEneas
1119 1483 1223 1542 noctu
1247 1477 1291 1543 ad
1305 1499 1390 1561 por-

294 1585 363 1644 tam
389 1586 515 1662 praesto
536 1579 676 1656 fuerunt,
693 1579 953 1660 Neoptolemum
975 1583 1210 1660 susceperunt,
1223 1580 1392 1644 exercitui
1423 1649 1429 1661 ⁸

294 1684 421 1763 portam
435 1686 672 1758 reseraverunt,
694 1680 809 1744 lumen
830 1676 1054 1755 ostenderunt,
1080 1678 1170 1759 fugae
1191 1679 1389 1761 praesidium

294 1781 360 1846 sibi
375 1786 408 1846 et
423 1781 494 1846 suis
508 1781 662 1846 omnibus
677 1786 713 1844 ut
727 1785 815 1844 esset
829 1779 1093 1866 postulaverunt.
1138 1777 1390 1861 Neoptolemus

292 1879 509 1964 irruptionem
530 1880 623 1959 facit,
645 1881 813 1964 Trojanos
829 1880 943 1957 caedit,
966 1879 1181 1962 persequitur
1203 1879 1388 1958 Priamum,

293 1999 390 2062 quem
413 1986 490 2043 aute
516 1999 608 2044 aram
634 1979 657 2044 J
660 1981 756 2045 o'visr
781 1980 968 2044 obtruncat.
1012 1977 1170 2054 Hecuba,
1196 1976 1274 2041 dnm
1299 1977 1390 2060 fugit

292 2097 370 2143 cum
399 2078 586 2162 Polyxena,
614 2081 731 2144 AEuece
762 2081 919 2155 occurrit,
945 2078 1158 2160 Polyxenam
1182 2077 1215 2140 ei
1235 2077 1389 2156 tradidit,

292 2199 394 2262 qnam
408 2173 536 2244 AEncas
558 2180 601 2243 ad
623 2185 751 2264 patrem
764 2176 948 2242 Anchisem
967 2175 1153 2242 abscondit.
1197 2175 1388 2243 Androma-

291 2279 358 2342 oha
371 2285 405 2343 et
419 2278 610 2343 Cassandra
634 2281 669 2342 iu
684 2277 758 2342 aede
780 2277 969 2342 Minervae'
992 2297 1029 2341 se
1054 2283 1181 2358 tegunt.
1223 2276 1314 2342 Tota
1327 2278 1388 2344 die

291 2382 325 2442 at
345 2384 446 2442 nocte
470 2378 587 2459 Argivi
611 2397 678 2442 non
702 2385 836 2442 cessant
859 2384 1003 2454 vastare,
1028 2377 1177 2462 praedam
1201 2383 1386 2462 asportare.

291 2477 374 2564 [42]
396 2477 580 2564 Postquam
596 2477 668 2542 dies
689 2477 813 2554 illuxit,
837 2476 1066 2560 Agamemnon
1089 2496 1202 2576 omnes
1223 2477 1324 2542 duces
1348 2479 1385 2542 in

292 2596 402 2642 arcem
412 2577 574 2643 Minervae
588 2583 775 2644 convocat:
792 2579 869 2642 Diis
884 2579 1006 2659 gratias
1017 2578 1097 2658 agit,
1113 2575 1300 2642 exercitum
1313 2579 1385 2642 col·

290 2677 419 2757 laudat,
441 2697 571 2741 omnem
594 2677 741 2762 praedam
762 2676 862 2760 jubet
884 2677 917 2741 in
940 2677 1088 2742 medium
1107 2677 1237 2742 afferri:
1257 2698 1329 2744 eam
1345 2697 1383 2742 se

321 2941 425 2996 oreae
436 2947 577 3010 velpa-1
597 2947 680 2999 Rediit
690 2949 833 3012 helpe-⁴
851 2950 987 3000 Concordia
1004 2950 1099 3014 Delph,
1120 2951 1204 3014 Supra
1221 2964 1263 3016 ap·
1279 2951 1376 3016 Dictyn

290 3016 318 3055 r.
331 3009 370 3056 Η.
382 3006 451 3074 fagit
465 3011 627 3062 ‘Cassandra
637 3013 664 3062 ln
675 3013 757 3063 eedem
768 3013 912 3063 Minerva?

762 3195 767 3206 ’
782 3204 889 3255 NOTAE

289 3303 369 3357 bantr
393 3309 467 3372 cujus
484 3311 522 3359 rei
532 3313 613 3362 multa
623 3319 721 3364 tamen
732 3315 812 3365 raons
853 3322 928 3365 tener
937 3315 1049 3380 aperuit,
1059 3330 1151 3381 equam
1162 3315 1253 3367 lrabuit
1264 3313 1377 3380 pictum·¹

324 3396 365 3432 am
392 3397 425 3432 ex
450 3384 564 3448 profanis
587 3388 669 3439 literis
692 3391 812 3453 exempla
852 3390 905 3440 Sed
917 3390 974 3440 ride
986 3393 1060 3454 plura
1071 3391 1139 3454 apud
1151 3392 1261 3457 Dictyn,
1274 3405 1315 3442 vr.

304 3469 423 3521 angerer.
883 3475 896 3508 a
915 3468 1084 3531 Exerciterqee
1100 3474 1171 3518 aecta
1184 3474 1278 3532 patum
1289 3483 1378 3518 resae·

320 3537 332 3563 ⁰
351 3532 541 3592 Etjarey'ernade
551 3536 661 3600 astricte]
678 3537 761 3587 Paete
772 3552 810 3586 aa·
851 3542 928 3605 teres]
952 3542 1043 3590 Malim
1051 3543 1163 3603 omnino,
1173 3545 1181 3573 ⁸
1192 3543 1377 3606 exercituique,

289 3603 366 3654 triete
378 3605 555 3672 jurejurando,
566 3608 592 3656 id
608 3618 659 3673 est,
668 3624 715 3674 per
727 3612 811 3674 jusju·
851 3614 1379 3680 (vei‘exercituque,’)AntenoremetAn·

286 3679 403 3730 nudum.
852 3691 947 3740 ehirem
958 3701 1036 3741 noctu
1048 3701 1207 3743 reseraturus
1217 3700 1317 3757 portem
1334 3708 1378 3742 ex·

319 3754 399 3804 'Uli
416 3757 561 3808 extrinsecae
576 3761 709 3824 coprteqrti
724 3763 813 3826 pictava
852 3765 963 3825 ercitoi,'
979 3765 1129 3816 Graecernm
1144 3768 1253 3818 scilicet.
1286 3768 1378 3833 Neque

286 3829 334 3892 eet]
351 3827 440 3880 lnnnit
454 3833 513 3895 equi
528 3834 604 3896 lignei
619 3834 714 3885 fabula
727 3837 812 3888 meum
852 3839 918 3889 enim
933 3840 1029 3890 dixisse
1044 3842 1129 3905 potuit
1140 3841 1379 3905 nannetensium

287 3902 391 3953 dedlrrs
406 3913 487 3967 capnt
502 3907 629 3971 equinum,
646 3909 713 3972 qnod
729 3917 811 3972 portae
851 3915 974 3978 Troianos
986 3921 1086 3978 portam
1097 3923 1265 3975 reseratores,
1275 3921 1380 3964 comto·

286 3977 376 4040 Sene,
396 3991 470 4042 quam
490 3979 592 4031 Gracia
613 3981 730 4033 Antenor
749 3997 811 4046 ape·
852 3993 906 4038 tum
921 3990 1064 4039 exercitum
1081 3988 1197 4040 Antenor
1210 3996 1239 4039 et
1249 3989 1342 4039 AEnem
1353 3990 1379 4038 in

288 4051 351 4112 ruit,
381 4051 533 4118 inscriptum
557 4055 616 4106 suit.
649 4058 752 4120 Nempe
778 4073 811 4108 ex
850 4075 908 4112 erras
921 4068 1009 4125 partes
1020 4076 1069 4112 nen
1081 4066 1228 4114 traxissent.

288 4123 393 4174 servior
405 4127 412 4155 ‘
422 4128 458 4178 Ut
468 4129 522 4192 alii,
533 4137 616 4195 perte,
626 4146 700 4197 quam
709 4133 746 4184 eis
757 4133 810 4184 An·
881 4143 891 4170 ¹
906 4135 970 4188 Ante
980 4153 1046 4206 erpa
1055 4137 1136 4204 doris]
1153 4139 1220 4190 Vide
1232 4139 1342 4204 Dictyn,
1351 4155 1378 4192 v.
