3178 4948
310 331 373 404 110
663 343 820 393 niceros
844 345 1050 396 onrrnusrs
1113 360 1117 366 .

310 485 400 552 Tum
417 485 561 550 Dioresr
583 489 620 550 et
631 485 760 568 Meges,
780 501 823 549 ex
839 486 967 570 Phyleo
986 488 1128 568 genitus,
1139 487 1317 555 Thoasex
1335 491 1408 558 An-

312 587 496 664 draemone,
512 586 698 668 Eurypylus
721 586 914 662 Euemonis,
932 587 1131 664 Ormenius,⁰
1154 596 1188 654 et
1203 591 1408 658 Leonteusu

311 685 394 769 [lu]
416 687 500 752 Post
514 685 763 768 quosthilles
779 687 875 751 Pelei
890 693 922 751 et
935 688 1098 766 Thetidis,
1111 709 1187 772 quae
1203 711 1248 754 ex
1264 692 1408 758 Chirone

312 789 512 878 dicebatur.q
555 787 625 854 Hie
643 787 814 870 inprimis
838 789 1073 853 adolescentiae
1098 791 1206 868 annis,
1232 812 1407 875 procerus,

312 888 435 952 decore
447 889 544 964 lucie,
558 888 672 952 studio
684 907 792 952 rerum
807 889 1002 953 bellicarum
1025 909 1140 954 omnes
1159 892 1236 976 jam.
1252 899 1322 956 tum
1337 895 1411 957 vir·

305 995 472 1072 tuteque⁵
494 995 528 1052 et
546 989 650 1069 gloria
673 989 867 1070 superabat.
926 989 1054 1072 Neque
1071 997 1180 1055 temen
1203 993 1340 1058 aberatr
1363 995 1407 1056 ab

311 1111 352 1154 eo
368 1091 422 1154 vis
436 1090 591 1174 quaedem
613 1090 814 1167 inconsulte,
838 1098 871 1153 et
893 1089 1014 1154 effera⁶
1035 1111 1166 1156 morum
1188 1093 1407 1176 impatientia.

311 1189 396 1253 Cum
411 1211 452 1254 eo
468 1191 659 1254 Patroclus⁸
680 1196 712 1254 et
733 1191 904 1268 Phoenix:
927 1193 1012 1256 alter
1037 1201 1175 1276 propter
1197 1195 1407 1278 conjunctio-

310 1311 388 1354 nem
403 1293 591 1369 amicitiae,u
613 1292 696 1354 elter
719 1299 856 1356 custosv
877 1299 977 1376 atque
992 1300 1101 1358 rector
1120 1295 1206 1378 ejus.
1249 1295 1408 1378 Tlepole-

310 1412 384 1456 mus
394 1401 413 1428 l'
429 1394 505 1458 dein
521 1393 679 1458 Herculis
693 1415 701 1454 ε
718 1402 817 1458 eum⁷
831 1395 974 1460 insecuti
990 1401 1067 1462 sunt
1080 1383 1271 1479 Phidippus
1284 1401 1319 1461 et
1333 1395 1411 1460 An·

769 1571 917 1592 vhemen
922 1573 950 1594 Ν

311 1715 367 1752 cern
378 1705 458 1764 posteo
469 1707 528 1750 ente
540 1701 570 1750 ub
585 1701 671 1767 Ulurre
681 1702 833 1778 nagalta-b
851 1703 937 1754 Deest
948 1704 973 1752 in
984 1704 1078 1768 Delph.
1087 1710 1191 1766 oua-6
1207 1705 1409 1769 Delphseru-

314 1769 335 1820 7,
350 1765 444 1830 Delph.
469 1780 517 1829 pro
543 1780 607 1814 uoce
633 1766 742 1849 Hercules
763 1767 842 1820 babet
868 1769 1042 1834 Eutupltrotes5
1069 1769 1166 1840 omittit
1188 1784 1288 1834 quoque
1311 1785 1409 1822 eum.—

811 1947 920 2000 NOTAE

309 2055 427 2104 ‘Verum
439 2054 798 2120 PlrocensiumSchedinsqne
812 2062 840 2106 et
879 2057 976 2121 Argon.
996 2059 1066 2108 illurn
1089 2057 1155 2107 vide.
1188 2057 1285 2106 Verum
1304 2057 1346 2106 alii
1371 2057 1408 2108 A·

310 2129 481 2194 Epistrophus
493 2131 570 2180 duces
583 2137 667 2194 eraut,
684 2131 742 2180 Filii
758 2131 839 2196 Iphiti
878 2133 959 2180 chillis
984 2141 1092 2182 matrem
1114 2147 1164 2182 non
1188 2132 1333 2188 Thetidem,
1359 2134 1408 2184 sed

309 2205 466 2268 magnanimi
485 2205 661 2256 Naubolides!
693 2207 727 2255 Et
750 2207 838 2256 nescio
878 2209 1055 2269 Philomelam,
1075 2208 1177 2258 Actoris
1197 2207 1285 2268 tilium,
1307 2208 1408 2260 dicunt.

309 2297 372 2346 quos
388 2294 508 2332 suctores
526 2289 638 2345 secutus,
657 2282 776 2346 Hyginus
792 2297 837 2332 eos
876 2282 908 2330 In
923 2283 953 2331 iis
971 2283 1120 2332 scholiastes
1142 2282 1280 2346 Apollonii,
1298 2289 1326 2331 et
1337 2283 1408 2346 apud

309 2355 387 2418 Argis
398 2357 497 2406 uenisse
506 2355 612 2418 dixerit,
622 2355 686 2405 Fab.
698 2361 739 2406 st.
876 2371 933 2406 eurn
946 2359 1112 2420 Deimschus‚
1122 2358 1281 2422 Eustatbius,
1289 2364 1316 2409 et
1328 2359 1408 2409 schol.

341 2439 359 2464 ¹¹¹
370 2431 514 2493 Ascalaphus
526 2438 549 2481 et
558 2431 687 2494 Ialmenus]
699 2430 755 2478 Filii
767 2431 837 2480 Mur·
876 2431 1069 2498 Aristophanis,
1078 2433 1104 2482 in
1116 2433 1186 2482 Nub.

205 2539 212 2552 .
309 2508 343 2556 tis
355 2514 383 2557 et
394 2508 547 2570 Astyoches.
579 2509 632 2580 De
642 2507 673 2556 iis
692 2505 752 2554 vide
771 2505 838 2556 iufra
907 2509 1017 2571 'Neque
1033 2513 1110 2572 taurea
1130 2507 1224 2570 uiuat]
1246 2507 1355 2571 Optime
1374 2523 1407 2556 ex

308 2583 335 2631 in
348 2585 480 2646 catologo.
683 2589 691 2600 ’
876 2583 993 2632 Homero
1002 2591 1030 2634 et
1043 2585 1108 2632 aliis.
1131 2584 1174 2633 Sic
1185 2584 1280 2632 Horat.
1292 2585 1317 2634 in
1328 2583 1361 2634 A.
1375 2585 1407 2635 P.

341 2664 354 2688 ¹¹
370 2655 471 2718 Diores]
486 2654 641 2704 Amaruucei
653 2653 730 2704 iilius.
876 2659 883 2686 ‘
898 2658 1059 2708 Honoratum
1078 2659 1100 2708 si
1115 2657 1183 2708 forte
1201 2659 1304 2720 reponis
1318 2657 1407 2707 Achil·

342 2733 514 2794 ⁰Eunypylus.
541 2731 677 2790 Euenuouis,
701 2729 837 2792 Ormeuius]
875 2735 943 2796 lem;
962 2736 1086 2798 Impiger,
1104 2733 1250 2796 iracundus,
1261 2734 1408 2784 inexorabi-

308 2805 401 2856 Scribe
413 2807 420 2834 ‘
430 2803 594 2854 Euaemonis!
625 2801 759 2864 supervus
770 2803 837 2852 Elui·
875 2809 917 2864 lis,
926 2823 999 2870 ⁴ucer,
1015 2810 1081 2860 Jura
1092 2816 1171 2872 neget
1187 2809 1236 2858 sibi
1252 2817 1323 2872 nata,
1343 2809 1408 2858 nihil

307 2901 380 2943 ponor
391 2881 482 2944 ἀγλαὸς
496 2880 551 2930 uldr.
575 2883 583 2909 ⁴
595 2882 752 2944 Eurypylus,
764 2883 837 2930 Erue·
877 2897 928 2932 nou
938 2891 1043 2946 arroget
1054 2884 1148 2934 aruris?

308 2961 390 3008 monis
401 2960 512 3020 inclytus
520 2947 607 3004 filius!
642 2955 779 3004 Ormenius
793 2971 837 3004 en·
909 2967 918 2991 ¹
937 2959 1070 3024 Patroclus]
1092 2960 1213 3009 Menoetii
1229 2967 1257 3009 et
1274 2959 1406 3010 Philome-

309 3041 363 3084 tem
380 3034 413 3082 ab
430 3031 554 3080 Ormenio
572 3029 634 3078 urbe
651 3029 795 3090 Thessalia,
805 3029 837 3079 de
876 3032 919 3094 lue,
932 3035 986 3084 siue
998 3036 1095 3098 potius,
1105 3036 1248 3098 sthenelus,
1258 3035 1334 3084 tilius.

309 3125 360 3174 qua
385 3108 459 3159 inira.
491 3107 541 3156 Sed
565 3107 650 3156 obiter
671 3106 837 3169 corrigendus
909 3109 1048 3172 tPituanius]
1064 3109 1214 3173 Amyntoris
1225 3109 1301 3158 lilius.

308 3187 430 3249 Hyginus
450 3185 510 3234 Feb·
528 3188 569 3233 97.
602 3183 653 3232 Ubi
670 3183 836 3245 ‘Eurypylus
890 3217 893 3220 -
909 3193 921 3218 ¹¹
937 3183 1007 3236 Alter
1021 3191 1117 3248 propter
1135 3184 1330 3246 conjuactionem]
1352 3185 1396 3235 Pa

308 3261 455 3310 Euaemonis
467 3267 494 3310 et
507 3259 573 3322 Opis
589 3258 656 3308 filius
672 3258 836 3308 Orchomeno
877 3261 973 3308 troelus
996 3260 1104 3322 scilicet,
1123 3261 1167 3324 qui
1189 3269 1217 3310 et
1240 3261 1334 3310 Achilli
1361 3274 1405 3322 ge.

272 3383 278 3391 ,
308 3336 416 3386 nuribus
432 3335 484 3386 xri?
516 3335 607 3384 Scribe
625 3334 835 3385 ‘exOrnrenio’
875 3333 1147 3398 nereproxiurusiuit.
1175 3337 1242 3385 Num
1255 3334 1407 3386 ActorMe·

308 3411 380 3460 Nihil
392 3411 500 3460 certius.
875 3408 980 3460 noetiurn
998 3410 1112 3472 suscepit
1128 3423 1160 3458 ex
1172 3410 1274 3474 Aigina,
1291 3424 1348 3472 ques
1360 3423 1406 3459 en·

330 3493 354 3546 ¹t)
369 3486 497 3548 Lemteru]
515 3486 594 3534 Filius
607 3484 712 3546 Coroni,
728 3486 774 3548 -qui
787 3487 834 3536 Co·
876 3493 919 3534 tea
929 3499 963 3534 ex
977 3484 1043 3535 Jove
1061 3485 1166 3535 AEacurn
1184 3492 1333 3549 pepererat.
1367 3485 1407 3536 At

309 3574 386 3610 rouus
398 3559 486 3608 Caenei
502 3559 568 3606 tilius
586 3559 645 3607 fuit.
678 3561 756 3610 Hom.
771 3562 836 3621 Ἅμα
876 3573 908 3608 ex
920 3560 996 3608 AEaco
1007 3560 1226 3622 Peleus,Achillis
1237 3568 1322 3624 puter.
1344 3559 1405 3610 AEa·

308 3637 343 3696 rui
350 3652 379 3696 ys
389 3633 500 3684 usumin
509 3633 665 3698 ὅζοςἌρηος,
676 3634 729 3688 rtis
742 3635 836 3700 trepud-
876 3649 920 3685 cus
931 3635 1011 3696 igitur
1022 3641 1049 3682 et
1065 3635 1203 3682 Menoetius
1215 3649 1248 3682 ex
1258 3639 1343 3684 matre
1354 3631 1406 3682 ira-

244 3751 245 3754 ,
307 3720 360 3773 paru
371 3709 478 3775 Κορώνου
489 3710 618 3762 Kuruellluo.
651 3712 776 3764 ‘Etcum
793 3713 836 3762 illo
876 3717 930 3758 tres
942 3714 1026 3770 erant,
1037 3709 1131 3756 Peleus
1150 3715 1177 3758 et
1190 3709 1328 3757 Patroclus
1343 3721 1406 3758 con·

307 3787 469 3852 (Polypoete,
485 3786 538 3848 filio
554 3785 679 3847 Pirithoi)
690 3786 743 3834 ibut
754 3786 835 3834 Leon·
876 3785 981 3836 sobrini.
1014 3782 1068 3834 Alii
1078 3785 1145 3834 hane
1157 3784 1349 3844 proximitatem
1356 3783 1406 3841 ali-

308 3871 375 3924 teus,
403 3877 486 3911 ramus
516 3861 618 3923 Martis,
647 3859 714 3914 lilius
732 3875 835 3923 magne·
876 3866 916 3908 ter
925 3867 1026 3920 texunt,
1037 3865 1064 3909 et
1080 3861 1188 3909 Peleum
1205 3867 1233 3909 et
1249 3857 1405 3910 Menoetitun
1463 3877 1466 3884 ·

308 3938 369 3986 nimi
381 3937 476 3986 Coroni
488 3937 620 4004 epatre!
875 3933 968 3988 fratres
982 3933 1097 3997 iaciunt,
1117 3935 1234 4000 adeoque
1252 3935 1405 3986 Patroclum
1489 3992 1493 4000 ι

340 4019 353 4054 t
370 4012 431 4084 Quoe
446 4027 476 4060 ex
489 3995 591 4061 Chirone
602 4008 733 4071 dicebatur]
751 4008 792 4058 Sic
807 4015 835 4059 et
874 4011 982 4064 Achillis
994 4011 1183 4060 consobrinum.

307 4088 373 4138 libro
396 4101 435 4138 vr.
468 4087 604 4138 Thetidem
623 4087 738 4136 Chironis
755 4084 833 4136 filium
906 4095 917 4120 ¹
934 4088 1006 4136 Alter
1014 4086 1103 4148 cuatus]
1120 4087 1187 4136 Vide
1197 4085 1275 4136 Hom.
1285 4085 1319 4136 Il·
1329 4099 1371 4139 lx.

309 4162 382 4212 dicit.
408 4163 483 4214 Idem
504 4162 639 4214 Sclroliust.
666 4161 796 4226 Apollonii
812 4177 833 4214 r.
898 4169 923 4198 -l‘
942 4163 1096 4232 tlepolemus]
1121 4163 1243 4214 Herculis
1258 4169 1287 4224 et
1307 4159 1406 4226 Astyo-
