3136 4948
445 369 493 418 nn
516 367 695 420 meronie
721 367 834 416 senat
856 367 1032 418 nactam·
1235 357 1279 424 53

184 481 314 588 ideirco
329 520 481 604 suspicer
499 519 611 598 ferme,
636 517 897 598 libellumhuno,
911 519 970 603 qui
996 523 1123 585 tantam
1139 536 1209 604 prce
1238 540 1277 586 se

183 624 313 690 terebat
324 623 567 708 antiquitatem,
582 627 617 686 et
638 621 675 686 in
689 641 756 706 quo
780 613 873 686 varia
887 619 1073 688 Historicee
1093 619 1173 686 fidei
1188 639 1277 706 prae·

183 730 278 791 textu
293 729 514 788 memorantur
527 723 678 800 oracula,
689 723 867 800 ‘vaticinia
888 721 1052 806 prodigia,
1067 729 1189 788 eventu
1214 741 1277 788 suo

182 824 562 903 metamaucenses
585 823 744 889 vindictae
767 825 916 888 Deorum
932 822 1147 887 Ethnicorum
1162 823 1198 890 in
1213 824 1277 890 im-

83 958 90 966 ·
182 927 261 1010 pios
275 931 307 990 et
322 925 376 990 sui
387 931 616 992 contemtores
629 925 796 1009 exempla,
810 925 916 990 veluti
929 925 965 990 in
981 923 1276 1006 Agamemnonem,

183 1028 242 1112 qui
264 1027 386 1094 Dianae
401 1045 539 1111 capram
549 1026 673 1112 jaculis
685 1027 885 1092 confixerat:
907 1025 942 1089 in
957 1023 1112 1104 Graecos,
1128 1025 1279 1110 Chrysen

182 1127 390 1194 sacerdotem
404 1128 573 1212 Apollinis
587 1132 823 1212 aspernantes:
845 1129 880 1192 in
902 1125 1019 1204 Parin,
1035 1127 1094 1210 qni
1108 1124 1277 1191 Achillem

183 1229 227 1294 ad
243 1247 335 1294 aram
345 1227 516 1313 Apollinis
529 1227 713 1294 occiderat:
737 1229 770 1292 in
782 1227 924 1294 Graecos
946 1227 1077 1306 iterum,
1092 1228 1206 1292 omnia
1219 1245 1278 1294 sa·

181 1347 239 1394 cra
252 1329 406 1396 incendio
420 1328 569 1414 Trojano
584 1329 763 1408 violantes,
778 1327 873 1394 illum
888 1347 966 1412 ergo
989 1329 1137 1394 libellum
1152 1347 1174 1394 a
1189 1327 1276 1411 Sep·

180 1431 277 1496 timio
298 1437 378 1495 tunc
399 1449 441 1495 co
461 1430 677 1514 potissimum
703 1423 816 1496 animo
845 1446 992 1510 versum,
1007 1438 1046 1495 ut
1060 1429 1165 1495 veluti
1191 1429 1277 1496 anti-

181 1531 335 1616 quissimi
346 1533 507 1614 temporis
521 1531 671 1611 historia,
686 1533 731 1598 ab
753 1531 889 1596 homine
900 1533 1047 1597 omnium
1061 1551 1171 1597 rernm
1186 1537 1275 1596 teste

181 1639 217 1696 et
230 1632 352 1699 arbitro
374 1633 578 1717 conscripta,
593 1651 634 1698 ac
657 1633 806 1698 Deorum
827 1632 1042 1698 Ethnioomm
1064 1631 1274 1716 majestatem

179 1738 214 1796 et
236 1733 418 1816 potentiam
446 1740 498 1798 tot
521 1733 688 1818 exemplis
710 1753 878 1813 asserens,
900 1731 1066 1800 'Historiae
1096 1733 1212 1798 Sacra
1239 1740 1276 1798 et
1340 1803 1343 1812 Ι

179 1830 381 1898 christianis
406 1834 443 1898 in
464 1831 562 1898 ltalia
586 1853 627 1899 ac
648 1834 731 1898 urbe
745 1831 858 1900 Roma
871 1839 1108 1917 opponeretur.
1149 1830 1203 1898 Ac
1217 1847 1275 1900 ne-

156 1932 253 2010 ¹scio
282 1949 326 1998 an
347 1933 418 1999 tale
437 1933 519 2018 qaid
541 1933 576 1998 in
598 1934 665 2000 line
687 1933 852 2019 Epistola
880 1934 1096 2018 Septimianae
1116 1933 1273 2015 extiterit,

179 2034 270 2118 quod
283 2033 411 2103 librarii
425 2035 583 2119 deinceps
599 2035 782 2102 Christiani
796 2036 947 2102 consulto
961 2035 1142 2102 omiserint.
1177 2035 1275 2103 Certe

97 2133 100 2138 ’
177 2135 306 2219 aliquid
320 2136 417 2202 isthic
446 2136 602 2202 extitisse
628 2136 770 2215 videtur,
794 2137 886 2222 quod
913 2137 950 2201 iu
977 2134 1116 2218 legende
1145 2136 1275 2220 Dictyn

177 2236 359 2319 Septimius
381 2233 542 2302 Rufinam
569 2242 605 2300 et
633 2236 719 2301 alios
743 2235 889 2302 lectores
917 2237 1133 2320 potissimum
1156 2245 1274 2304 notare

177 2336 337 2402 voluerit.

186 2471 190 2492 ·,
222 2451 383 2502 xxxv-11.
405 2433 621 2522 Quapropter
638 2435 728 2502 hand
740 2435 790 2502 ita
803 2433 905 2504 facile
919 2433 1117 2500 accesserim
1132 2433 1273 2519 Vossio,

176 2539 237 2622 qni
258 2537 459 2622 Septimium
480 2538 639 2604 ‘saeculis
659 2538 792 2622 aliquot
820 2544 902 2620 post
924 2535 1134 2602 Constantini
1161 2557 1274 2606 mrum

176 2639 307 2704 vixisse
322 2636 459 2717 censet,'
480 2637 540 2704 sed
554 2639 654 2704 nullis
678 2637 778 2722 plane
803 2635 990 2710 rationibus
1010 2637 1047 2702 in
1060 2637 1209 2704 medium
1223 2641 1275 2706 al·

176 2739 267 2826 latis.
307 2739 424 2804 Josins
439 2739 614 2810 Mercerus
634 2745 716 2822 post
730 2737 988 2804 Consmntinnm
1006 2757 1142 2824 qnoque
1167 2744 1274 2828 scrip-

177 2842 269 2906 sisse
279 2845 389 2924 putat,
404 2840 463 2906 sed
478 2839 567 2906 iotili
579 2857 718 2928 prorsus
733 2846 936 2923 argnmemm
952 2839 1173 2925 quiescitis
1188 2843 1272 2912 Pro·

176 2941 257 3024 logo
277 2942 361 3008 liber
380 2941 476 3027 hicce
496 2947 647 3026 tempore
661 2939 812 3006 Neronis
825 2941 980 3006 inventus
996 2939 1040 3006 ad
1057 2940 1167 3012 Cretae
1182 2941 1272 3012 Gon-

177 3041 322 3108 sularem
346 3041 497 3127 perlatus
521 3042 746 3128 dicitur,qnae
760 3041 998 3110 Consularium
1020 3043 1055 3110 in
1077 3042 1271 3114 Provinciis

177 3141 361 3227 appellatio
377 3162 400 3209 a
411 3141 628 3210 Goumantino
641 3142 686 3208 sit
699 3143 857 3228 profecta.
901 3141 970 3208 Sed
984 3141 1105 3212 salsum
1120 3143 1187 3212 hoc
1194 3163 1273 3212 esse

176 3243 291 3310 mulda
322 3246 479 3329 probavit
514 3243 661 3312 Merceri
676 3259 774 3329 gener
809 3243 973 3312 Claudias
1009 3245 1199 3312 Salmasius
1225 3247 1271 3312 ad
1365 3317 1368 3324 .

176 3342 343 3426 Spartiani
365 3345 576 3414 Hadrianum
598 3365 631 3414 c.
643 3345 698 3411 22
720 3353 757 3412 et
774 3346 848 3429 jam
861 3351 937 3422 ante
950 3345 1039 3412 hunc
1053 3345 1167 3414 Guido
1181 3347 1271 3414 Pan·

176 3444 313 3509 cirollos
326 3443 370 3508 ad
384 3444 551 3513 Notitiam
568 3445 707 3530 Imperii
723 3444 871 3512 Orientis
885 3446 960 3510 loo.

220 3557 401 3608 xxxvur.
422 3544 540 3626 Longe
554 3554 666 3612 autem
682 3546 812 3630 turpius
825 3565 862 3610 se
875 3544 969 3612 dedit
981 3545 1046 3610 hac
1062 3545 1097 3610 in
1110 3565 1145 3610 re
1159 3547 1269 3635 Gasp.

175 3646 364 3729 Scioppius
391 3643 583 3714 Pamdoxis
603 3646 782 3720 Literariis
806 3645 917 3732 Epa.
938 3647 996 3714 nbi
1016 3647 1102 3715 lanc
1124 3649 1269 3736 Dictyos

176 3744 366 3816 Historiam
380 3747 449 3814 ‘ad
464 3746 652 3816 Cornelium
666 3745 837 3834 Nepotem
849 3754 884 3816 et
897 3749 972 3836 ejus
986 3750 1063 3835 styli
1078 3751 1272 3820 similitudi·

176 3868 255 3917 nem
279 3847 434 3933 proxime
456 3847 637 3916 accedere’
658 3849 718 3929 ait,
732 3856 768 3914 ct
790 3850 948 3916 ‘omnino
977 3847 1115 3930 Velleii,
1139 3851 1270 3922 Valerii

177 3949 334 4028 Maximi,
348 3955 382 4015 et
395 3949 500 4017 Curtii
514 3956 612 4019 aaa
633 3951 678 4018 ab
693 3951 858 4035 elegantis
878 3951 1002 4036 ‘ergenii
1013 3951 1147 4018 homine
1161 3956 1269 4040 scrip-

176 4049 265 4123 tam’
277 4051 461 4119 contendit.
506 4049 649 4120 Videtur
661 4071 740 4137 ergo
754 4057 790 4120 et
802 4053 860 4120 ille
872 4053 1099 4132 amtimmse,
1112 4071 1270 4134 nonesse
1330 4077 1333 4082 ·

177 4169 311 4220 uersam
337 4171 386 4220 es
407 4151 542 4234 Graec,
558 4155 619 4226 sed
645 4155 767 4228 Latine
790 4155 946 4242 primitus
969 4154 1203 4239 compositam,
1232 4159 1269 4232 id
