3136 4948
219 395 221 400 '
307 391 352 455 70
744 397 831 448 non.
854 398 967 446 surus

309 555 425 617 Senec.
440 549 612 633 Agamem.
623 547 702 613 1127.
716 547 813 630 Virg.
832 565 857 612 r.
873 535 950 612 AEn.
964 547 1019 613 45.
1043 548 1144 614 Orid.
1167 549 1202 612 in
1226 545 1313 623 Ibin,
1326 544 1408 612 1119.

310 653 433 718 Horat.
450 667 491 715 x.
514 649 623 732 Epod.
639 651 691 712 14.
719 647 816 712 Unde
832 649 948 726 Silius,
966 664 1047 713 xiv,
1063 649 1182 715 Punic.
1196 646 1273 714 480.

395 750 519 830 Qualis
530 749 676 826 01111111,
690 749 814 814 fulmen
824 749 995 834 jaculante
1011 749 1163 814 Minerva

395 852 572 933 Surgentes
587 849 718 914 domuit
730 845 855 914 fluctus
871 850 1060 916 ardentibus
1075 851 1173 914 ulnis.
1294 891 1297 898 ,

309 953 407 1020 Licet
420 951 631 1034 naufragium
645 957 797 1016 enatasse
812 971 888 1016 eum
903 951 994 1016 dicat
1005 949 1157 1015 Timaeus
1172 949 1314 1024 Locrus,
1332 965 1374 1012 11.

204 1097 208 1101 -
311 1103 314 1109 ,
350 1053 454 1118 Hunc
469 1071 549 1116 vero
571 1070 616 1115 ex
633 1051 788 1116 omnibus
802 1051 997 1116 Graecorum
1018 1051 1173 1128 ducibus,
1188 1049 1247 1132 qui
1268 1047 1406 1130 TroJ'am

310 1169 556 1239 oppugnavere,
586 1150 678 1236 apud
706 1151 832 1218 inferos
861 1153 1004 1236 torqueri
1031 1158 1064 1216 et
1092 1149 1278 1216 excruciari
1304 1149 1406 1215 docet

309 1257 449 1321 Lucian.
464 1255 560 1318 Hist.
576 1253 689 1330 Verte,
705 1269 746 1317 11.
1276 1303 1279 1314 .
1394 1299 1401 1316 .

352 1355 506 1437 Denique
522 1352 642 1438 Ajacis
666 1355 769 1438 hujus
790 1355 895 1420 nostri
912 1355 1023 1436 imago
1048 1361 1103 1418 est
1126 1373 1171 1417 ex
1187 1353 1409 1432 Locrensium

308 1455 532 1534 Numismate,
552 1453 643 1538 quod
666 1455 843 1522 exhibetur
864 1456 908 1519 ab
934 1454 1026 1520 Huh.
1048 1453 1198 1535 Goltzio,
1219 1439 1405 1520 (1111118.

308 1558 415 1640 qualis
437 1558 474 1620 et
493 1562 543 1620 est
571 1554 805 1640 Opuntiorum,
822 1556 914 1640 apud
935 1556 1107 1639 Begerum,
1121 1555 1281 1622 Thesaur.
1297 1558 1405 1621 Bran·

309 1658 385 1722 deb.
404 1674 426 1719 1.
441 1658 516 1722 477.
533 1663 566 1721 11
579 1658 784 1722 nominatum
799 1657 984 1734 Goltzium,
1001 1657 1088 1722 Tah.
1104 1656 1219 1720 citata.

557 1885 563 1920 ’·
632 1881 699 1947 v1.
745 1881 1091 1947 PHILOCTETES.

698 2015 778 2078 Lra.
795 2031 836 2098 11.
860 2015 949 2080 Gar.
965 2015 1019 2078 14.

306 2155 317 2184 ⁴
334 2149 520 2232 Philocteta
536 2114 610 2216 cum
626 2150 755 2233 paucis,
769 2149 818 2213 uti
832 2155 1013 2225 curaretur,
1029 2147 1065 2211 in
1079 2147 1224 2212 insulam
1242 2147 1406 2211 Lemnum

787 2249 948 2314 mittitur.'

356 2367 635 2445 remansuras,
661 2342 812 2432 Paeantis
827 2367 927 2444 filius,
943 2367 1029 2430 inter
1043 2341 1256 2446 Argonautas
1273 2383 1407 2447 quoque

176 2545 181 2550 κ
306 2468 443 2532 minime
460 2469 630 2550 ignobilis·
652 2467 732 2530 Val.
748 2468 864 2534 Flacc.
878 2463 1058 2548 Argonaut.
1073 2482 1098 2528 1.
1113 2466 1188 2528 391.

330 2591 333 2598 ’
351 2568 404 2644 Ei,
419 2570 537 2631 comiti
551 2587 625 2642 suo,
637 2567 671 2628 in
688 2567 774 2629 OEta
787 2572 899 2630 monte
915 2565 1176 2630 concremandus
1187 2583 1297 2628 arcum
1304 2569 1339 2626 et
1353 2583 1408 2627 sa-

308 2669 409 2750 gittas
436 2667 575 2730 dederat
601 2665 788 2744 Hercules3
811 2664 883 2728 sine
909 2665 1030 2747 quibus
1058 2663 1197 2748 Trojam
1215 2679 1281 2728 non
1302 2681 1408 2745 posse

307 2768 386 2849 capi
411 2765 550 2836 oracula
569 2765 821 2849 responderant.
873 2763 922 2829 At
948 2771 1184 2829 venenatarum
1212 2763 1408 2846 sagittarum

307 2868 376 2930 un‘a
390 2865 497 2948 ipsius
511 2865 632 2948 pedem
653 2865 739 2928 forte
755 2863 913 2928 decidens
929 2863 1106 2940 sauciarit,
1121 2861 1316 2945 Graecique,
1330 2880 1408 2926 cum

308 2978 369 3048 per
383 2965 530 3030 dolorem
554 2966 699 3030 vulneris
713 2965 869 3048 navigare
883 2983 949 3028 non
964 2973 1093 3047 posset,
1109 2983 1184 3028 eum
1204 2965 1238 3026 in
1252 2963 1408 3027 insulam

308 3066 458 3130 Lemn'on
473 3072 708 3150 exposuerunt.

352 3165 557 3233 Philoctetes
584 3168 700 3251 itaque
730 3167 878 3244 relictus,
903 3167 1050 3248 aucupio
1079 3165 1274 3247 sagittarum
1300 3163 1407 3228 vitam

308 3267 490 3332 miserrime
505 3286 699 3353 propagare,
721 3287 969 3352 pennarumque
991 3265 1150 3332 contextu
1176 3284 1298 3347 corpus
1313 3265 1408 3328 ohte-

307 3387 385 3450 gere
408 3375 442 3433 et
470 3369 578 3432 velare
608 3376 745 3434 coactus
773 3370 847 3434 suit.
891 3366 1089 3450 Sophocles,
1109 3367 1143 3448 iu
1170 3361 1351 3428 Philoctet.
1374 3369 1409 3428 et

306 3457 461 3540 (omissis
474 3470 623 3546 Pindari,
639 3467 820 3548 Theocriti,
836 3468 1035 3534 Philostrati
1057 3455 1235 3550 plurimum
1250 3463 1407 3529 vadanti-

307 3568 371 3631 bus
394 3571 655 3652 narrationibus)
677 3571 833 3650 Ovidius,
854 3569 988 3655 (videas
1010 3575 1045 3632 11
1058 3573 1153 3631 'xlta
1179 3562 1319 3631 Metam.
1335 3561 1408 3647 45.)

311 3681 346 3727 v.
360 3667 464 3730 Trist.
479 3670 510 3731 1.
531 3670 615 3749 eleg.
625 3673 658 3733 5.

439 3766 474 3829 H
478 3785 518 3830 oc
534 3769 655 3832 eratin
670 3769 779 3852 gelido
794 3789 899 3852 quare
912 3770 1085 3836 Peeautius
1101 3776 1197 3833 antro

482 3865 578 3930 Voce
593 3867 749 3950 fatigaret
763 3871 901 3934 Lemnia
916 3889 1003 3935 saxa
1018 3889 1089 3935 sua.

179 4055 184 4065 μ
308 4021 312 4044 -.
350 3964 559 4032 Philoctetes
572 3977 684 4045 autem
699 3977 827 4048 noster,
842 3970 963 4036 sedens
978 3977 1025 4048 et,
1041 3969 1090 4034 uti
1101 3967 1241 4046 videtur,
1257 3986 1406 4052 conque-

307 4085 392 4144 rens,
408 4065 540 4145 Lieeto,
556 4069 656 4134 immo
669 4073 773 4139 etiam
788 4072 973 4151 Gronovio,
988 4068 1252 4153 Dactyliothec-
1267 4086 1309 4133 11.
1331 4071 1409 4138 1188.

308 4165 406 4235 Gem.
421 4174 471 4235 est
485 4171 581 4238 miles
596 4173 786 4256 sagittarius
813 4175 920 4242 atroci
933 4173 1027 4240 bello
1050 4175 1231 4254 superstes,
1243 4169 1356 4236 nudus
1369 4179 1405 4236 et
