3152 4950
465 411 514 458 un
537 411 656 459 nunno
679 411 851 461 rnorsuo
878 413 949 463 urst
974 413 1023 460 ιν.
1226 397 1292 463 219

196 550 287 614 nium
302 551 396 614 votis
406 551 550 616 omnium
566 552 693 634 deligit.
737 551 794 617 Ita
819 552 957 618 reiectis
980 553 1289 639 cibo‘corporibus,

197 651 361 734 reliquum
376 651 484 715 noctis
500 672 573 716 cum
589 652 699 735 quiete
713 653 911 734 transigunt.
944 652 993 718 At
1006 653 1289 738 lucisprinoipio,

198 752 318 816 armati
332 751 543 834 instructique
557 770 618 835 pro
631 755 765 834 negotio
780 753 1013 836 egrediuntur:
1031 772 1140 836 neque
1154 755 1288 836 segnius

197 871 219 916 a
242 851 420 916 Memnone
435 858 559 928 ectum,
581 871 656 916 cum
673 872 740 936 quo
753 853 891 938 Trojuui
915 871 1040 918 omues.
1084 853 1289 920 ltshincut·

195 953 353 1034 quoinde
370 951 522 1016 ordinato
536 953 701 1030 exercitu,
724 955 874 1036 proelium
889 952 1025 1018 initum:
1047 961 1139 1018 tum³
1154 953 1289 1036 plurimi

195 1053 367 1135 utriusque
393 1052 508 1134 pertis,
530 1060 570 1116 ut
585 1052 620 1116 iu
636 1053 697 1117 tali
711 1054 902 1131 certamine,
917 1052 1055 1131 cudunt,
1069 1058 1126 1118 eut
1140 1055 1201 1118 icti
1215 1072 1289 1136 gru·

195 1151 277 1216 viter
291 1153 406 1234 prielio
421 1152 594 1216 decedunt.
638 1153 678 1216 In
694 1172 760 1236 quo
777 1153 868 1218 bello
882 1151 1084 1222 Antilochus
1108 1153 1289 1218 Nestorisb

194 1253 313 1316 obvius
341 1253 426 1316 sorte
453 1252 626 1318 Memnoni
653 1253 855 1319 interficitur.
917 1253 1071 1338 Moxque
1094 1239 1198 1338 hjex,
1228 1257 1309 1324 mi·

194 1361 327 1436 tempus
337 1353 447 1417 visum
460 1359 522 1431 est,
533 1355 626 1442 inter
639 1361 813 1438 utrumque
829 1354 938 1418 eciem
953 1371 1161 1437 progressus,
1176 1355 1288 1420 luces

194 1453 239 1516 sit
258 1473 375 1534 regem,
397 1454 561 1537 proedicto
576 1454 669 1537 prius
685 1453 802 1538 Ulyssi
815 1461 850 1518 et
865 1453 1054 1533 Idomeneo,
1070 1475 1091 1519 o
1104 1455 1224 1520 ceteris
1238 1456 1287 1519 uti

193 1572 230 1616 se
244 1553 479 1619 defenderent.e
507 1555 613 1636 Igitur
628 1554 788 1620 Memnon
802 1555 862 1619 ubi
875 1555 919 1620 ed
935 1575 973 1619 se
988 1557 1081 1619 teudi
1096 1556 1199 1634 ridet,
1212 1575 1287 1622 our·

193 1673 229 1716 ru
244 1653 383 1733 desilit,4
403 1655 612 1738 confligitque
626 1655 731 1739 pedes
747 1675 823 1720 oum
838 1653 956 1737 Ajace,
970 1675 1092 1736 magno
1113 1657 1285 1740 utriusque

191 1755 296 1836 portis
308 1762 395 1821 metu
411 1763 510 1839 utque
523 1757 765 1840 expectatione.
797 1757 884 1821 Tum
899 1755 969 1821 dux
982 1763 1094 1821 noster
1107 1775 1237 1820 summe
1251 1757 1285 1819 ri

191 1855 368 1920 umbonem
385 1858 473 1921 sceti
490 1854 588 1940 ejus*
610 1857 727 1921 teloio
749 1857 956 1940 aliquantum
977 1854 1130 1932 foratum,
1149 1855 1285 1938 grauis⁵

191 1962 289 2038 utque
304 1959 440 2020 summis
455 1959 580 2022 viribus
603 1959 771 2040 ingruens,
791 1957 936 2039 impulit,
951 1957 1116 2040 vertitque
1137 1955 1171 2018 in
1184 1956 1284 2048 lutus.

192 2054 271 2132 Quo
287 2057 370 2134 riso,
384 2057 471 2139 regis
481 2058 621 2122 comites
636 2078 823 2136 occurrere,
838 2057 975 2142 Ajacem
988 2059 1165 2122 exturbare
1179 2057 1284 2120 uiten-

190 2162 254 2220 tes.
298 2159 385 2222 Tum
401 2159 554 2224 Achilles
574 2160 633 2223 ubi
654 2179 676 2223 e
696 2159 848 2223 barbaris
871 2157 1028 2223 intercedi
1050 2156 1153 2232 videt,
1177 2157 1284 2238 pergit

190 2267 317 2338 contra,
339 2268 372 2326 et
396 2261 560 2326 nudatum
586 2267 683 2326 scuto
706 2261 814 2324 hostis
830 2260 983 2344 jugulum
996 2257 1092 2322 husto
1107 2255 1282 2336 transfigit.

190 2360 251 2440 [7.]
273 2361 328 2424 lto
351 2368 472 2444 praeter
493 2382 587 2446 spem
609 2361 788 2427 interfecto
802 2361 990 2436 Memnone,
1011 2357 1114 2422 enimi
1136 2356 1282 2421 hostium

177 2470 446 2540 commutantur,
464 2461 641 2528 etGrrecis
657 2470 760 2528 aucte
772 2462 915 2526 fiducie:
932 2463 1071 2544 jamque
1086 2458 1282 2541 AEthiopuru

191 2579 289 2625 uersa
303 2565 387 2640 acie,
402 2564 507 2627 nostri
523 2563 685 2628 instantes
700 2563 835 2629 coeduut
848 2561 1030 2648 plurimos:
1052 2565 1120 2623 tum
1137 2557 1281 2640 Polyde-

189 2670 285 2724 mas⁸
307 2683 466 2728 renovare
489 2665 642 2748 praelium
665 2664 815 2748 cupiens,
838 2662 1081 2728 circumventus
1095 2657 1139 2722 ed
1152 2667 1283 2742 postre-

646 2839 830 2865 omnnem
861 2867 866 2878 ¹

188 2944 336 2988 mosem—8
355 2939 493 2990 Omittitur
505 2946 555 2990 turo
563 2941 588 2990 ln
597 2940 694 3004 Delph.
706 2941 781 2991 deest
793 2953 893 3005 quoque
904 2954 948 3003 que
957 2943 1015 3002 post
1025 2952 1088 2996 mon,
1097 2941 1126 2985 et
1137 2949 1207 2998 prou
1218 2940 1279 2983 oute

188 3005 271 3053 ceteris
281 3005 377 3067 legitur
384 3009 470 3054 uc.-i
482 3005 577 3068 Delph.
585 3005 732 3056 desiliit-t
745 3005 840 3069 lielph.
850 3004 1024 3067 gracilius—b
1034 3000 1129 3064 Delph.
1140 3001 1283 3050 tuomum.

678 3149 787 3200 NOTAE

219 3243 386 3294 bAntilochus
404 3245 524 3309 Nestoris]
548 3245 713 3296 Antilochum
753 3257 842 3296 omnes
858 3249 887 3292 et
905 3241 1002 3295 excusi.
1040 3241 1122 3292 Quem
1143 3239 1278 3294 lectionem

186 3334 201 3366 o
223 3317 361 3368 Memnone
384 3321 494 3371 occisum
525 3322 613 3372 nirrut
635 3321 712 3372 llum.
753 3319 801 3368 viri
819 3315 962 3367 doctissimi
981 3314 1056 3363 unice
1075 3313 1280 3374 amplectentum

187 3391 241 3440 Ori.
259 3398 289 3440 Δ.
314 3391 390 3441 Piud.
410 3394 487 3458 Pyth.
505 3394 558 3445 Ori.
575 3401 600 3446 e.
620 3397 713 3448 scribit
752 3393 870 3442 diceutes
890 3391 917 3440 iri
937 3389 1061 3452 scientem
1080 3401 1204 3451 peccasse
1215 3387 1279 3436 Ori-

184 3467 351 3530 Nestorem
367 3467 462 3516 Poride
479 3483 605 3532 pressum,
622 3472 711 3520 vulne·
752 3467 899 3526 diom,eum
909 3463 1037 3512 foeminum
1047 3463 1194 3524 loquentem
1205 3460 1280 3510 luriu-

184 3539 305 3606 ruto'j'em
315 3553 382 3604 equo
390 3537 480 3590 ctsrrus
489 3544 537 3606 sui,
546 3543 712 3595 Antilochum
752 3547 835 3602 cerer,
855 3539 898 3603 qui
918 3551 994 3587 sexus
1014 3535 1118 3584 nornine¹
1132 3533 1189 3584 fere
1211 3536 1279 3586 solet

184 3617 354 3666 lilium·suum
373 3616 534 3681 inclamasse,
551 3632 712 3685 eumqueec·
752 3612 920 3686 confundor*-
960 3610 1012 3661 8θᾶ
1031 3611 1127 3674 Dicit·
1148 3610 1227 3660 elim
1245 3610 1278 3660 eb

185 3684 343 3748 currentem,
356 3699 383 3742 et
400 3692 521 3758 Paridem
532 3695 712 3760 sustinentem,
753 3689 871 3740 omnibus
882 3686 1011 3743 dissentit.
1021 3701 1079 3737 com
1088 3685 1251 3736 Antilochum
1262 3699 1279 3734 e

184 3785 201 3818 e
213 3769 352 3818 Memnone
364 3766 529 3818 interiectum
541 3767 627 3820 frrlsse.
647 3771 711 3820 Osi·
751 3764 849 3816 Poride
860 3764 1026 3814 interemtum
1037 3761 1137 3814 scribit.
1255 3809 1259 3816 .

186 3841 711 3909 dins·rero,qupist.PenelopreUlyssi,
782 3836 1064 3900 clltiseslqsesdesmrt]
1090 3833 1276 3898 ‘Se'edrljs·

185 3917 351 3967 Antilochum
369 3915 402 3964 ab
420 3915 536 3966 Hectore
547 3918 660 3970 occisum
671 3919 711 3970 di·
751 3931 807 3968 ectu
819 3915 940 3966 retertur.

185 3993 238 4041 cit:
254 3997 262 4021 ⁴
274 3991 334 4040 Sive
345 3991 401 4054 quis
413 3989 578 4042 Antilochum
590 3994 710 4046 nerrebst
781 3993 794 4027 ⁴
812 3988 1010 4042 Umhoserosetsts’
1025 3984 1087 4047 eise]
1110 3985 1154 4034 lte
1167 3983 1200 4034 ed
1213 3999 1276 4044 ,ser-

186 4065 223 4118 ab
231 4066 344 4115 llectore
357 4064 472 4114 victum?
494 4064 546 4114 Ubi
557 4067 659 4128 quidem
670 4083 710 4118 re·
749 4067 810 4116 bum
821 4066 970 4118 Oedreuosz
988 4075 1064 4127 quesn
1076 4059 1225 4108 describere
1234 4073 1276 4109 su·

187 4139 302 4188 scribunt
320 4138 547 4201 ‘Amphimachum
555 4139 572 4200 ς’
588 4141 629 4190 elil
641 4143 649 4171 ‘
660 4142 709 4192 Ar·
750 4141 882 4207 possedeo.
915 4137 1001 4188 Umbo
1020 4141 1062 4184 est
1074 4133 1186 4184 medium
1198 4137 1276 4189 scuti.

185 4212 344 4264 eudochium!
374 4213 424 4266 Sed
438 4214 634 4266 ‘Antilochum'
645 4217 709 4270 blus.
781 4212 954 4280 rPolydorum]
964 4213 1015 4268 Qui
1023 4219 1111 4264 tumeo
1119 4208 1186 4274 opud
1197 4209 1275 4264 lium.
