3112 4950
693 358 900 407 tueuuulx.

410 859 413 866 ’
460 871 678 966 OLAUS
730 868 1154 980 BORRICHIUS.

784 1125 848 1164 DE.

375 1312 623 1390 vinus
656 1314 924 1393 unsrun
975 1291 1242 1410 cincun

578 1576 841 1656 AETATIBUS,
869 1568 959 1644 Pne.
985 1581 1034 1646 12.

262 1859 325 1898 ιν·
609 1857 1001 1896 m

264 2121 310 2186 Iu
333 2119 502 2204 Argentea
523 2120 680 2203 Scioppii
695 2125 794 2184 catate
818 2119 979 2185 nonnulla
999 2119 1100 2186 etiam
1119 2117 1359 2198 desiderabunt

263 2223 378 2288 iorsau
392 2223 450 2306 qni
464 2242 532 2286 rem
539 2221 707 2292 attentius
722 2221 948 2302 expenderint.
972 2220 1094 2302 Dictys
1107 2217 1277 2298 Cretensis
1290 2234 1358 2282 non

264 2329 483 2404 repraesentat
500 2321 748 2402 geniumiillius
766 2321 894 2384 saeculi.
939 2320 1070 2402 Pugnat
1084 2320 1218 2403 quidem
1239 2337 1301 2403 pro
1315 2336 1358 2398 ec

263 2423 474 2492 uehementer
493 2423 688 2506 Scioppius,
703 2428 736 2486 ct
750 2421 1037 2500 omninnVelleii,
1052 2421 1182 2500 Valerii
1202 2421 1360 2498 Maximi,

264 2531 322 2588 aut
336 2523 444 2590 ,Curtii
455 2530 557 2590 aetute
568 2523 611 2591 ub
626 2524 741 2606 alique
752 2522 915 2605 elegantis
923 2523 1046 2604 ingenii
1058 2529 1090 2588 et
1096 2522 1217 2608 judicii
1225 2522 1358 2602 homine

265 2625 428 2706 scriptum
453 2624 645 2703 arbitratur,
668 2625 768 2706 inque
796 2622 926 2688 Josiam
955 2623 1152 2702 Mercerum,
1176 2630 1358 2706 negantem,

265 2727 397 2802 acerbe,
412 2745 505 2790 more
519 2745 593 2802 suc,
608 2723 779 2790 invehitur.
801 2724 869 2800 Sed
884 2724 1032 2790 Vossius
1044 2725 1217 2806 maturiori
1227 2723 1357 2806 judicic
1428 2771 1433 2782 .

264 2827 421 2900 transfert
443 2828 638 2909 scriptorem
664 2825 763 2902 hunc,
780 2827 856 2890 Lib.
882 2827 925 2890 de
950 2826 1043 2894 Hist.
1067 2826 1227 2892 latinia
1244 2844 1357 2906 ¹aarum

264 2924 476 2998 Constantini
492 2926 620 3008 Magni,
635 2932 706 3004 aut,
722 2926 815 3008 qued
837 2926 946 2994 adhuc
961 2925 1175 2990 verisimilius
1197 2931 1307 3010 putat,
1320 2925 1358 2994 in

265 3025 394 3108 aliquot
407 3033 485 3109 post
498 3025 753 3092 Constantinum
768 3019 928 3110 Magnum
943 3032 1074 3092 aetates·
1099 3025 1191 3106 Quin
1206 3033 1241 3092 et
1255 3026 1358 3092 dictio

264 3127 342 3208 ipsa
355 3125 457 3210 hujus
473 3125 519 3205 Q.
535 3127 690 3210 Septimii
706 3126 867 3204 Romani,
882 3127 957 3212 (qui
973 3129 1100 3211 Dictyn
1115 3126 1275 3210 Graecum
1286 3146 1359 3210 ver·¹

264 3229 347 3292 tisse
363 3224 537 3311 creditur,)
547 3235 727 3312 utcumque
743 3249 809 3293 non
824 3229 1010 3311 inelegans,
1025 3229 1125 3310 refert
1137 3235 1245 3306 tamen
1259 3246 1358 3313 saepe

266 3329 382 3394 nescio
397 3329 478 3412 quid
493 3347 673 3411 creperum,
685 3335 718 3394 et
732 3331 804 3396 anri
820 3331 917 3394 tereti
929 3332 1138 3396 inusitatum.
1170 3328 1259 3408 Quis
1270 3331 1359 3394 euim

267 3435 434 3511 argenteae
446 3431 556 3496 aetatis
565 3430 735 3514 judicabit
748 3433 840 3501 istai
867 3450 892 3495 ι.
908 3432 948 3496 de
964 3433 1064 3497 Bello
1078 3432 1214 3516 Trujan.
1236 3429 1361 3508 ‘Inde'

266 3531 384 3613 inquit,
406 3530 516 3612 ‘quod
532 3531 605 3614 jam
626 3529 818 3598 Alexander
841 3533 1001 3616 abreptis,
1023 3551 1100 3616 quse
1122 3533 1285 3616 cupierat,
1300 3530 1361 3594 ab·

266 3631 471 3697 scessionem
492 3634 708 3715 properabat,
723 3645 850 3718 parvo·
872 3643 1022 3719 tempore
1045 3635 1165 3700 armati
1187 3633 1232 3699 ad
1253 3651 1360 3696 naves

267 3730 423 3818 veniunt!
466 3732 576 3818 Paulo
592 3740 691 3817 post:
714 3735 848 3820 ‘Atque
869 3738 917 3801 ita
938 3733 1132 3819 sagittatisb
1153 3734 1226 3818 jam
1240 3732 1359 3816 pretio

266 3833 594 3901 hostibusevuduut.’
614 3835 732 3916 DiceS,
742 3839 898 3920 sagittare
907 3841 1047 3919 probum
1056 3841 1114 3901 est
1138 3834 1361 3910 Noudamnc,

269 3934 330 3997 sed
352 3940 518 4016 argenteae
541 3936 650 3999 aetatis
675 3955 750 4000 esse
773 3939 859 4002 nude
881 3936 1185 4004 demonstrabituri
1226 3934 1362 4000 Justini

268 4034 407 4118 quidem
421 4041 475 4099 est
492 4051 554 4100 ιιι.
571 4035 679 4100 Solini
693 4036 748 4100 22.
762 4035 882 4121 Vegct.
896 4038 938 4102 de
959 4057 995 4101 re
1014 4036 1117 4102 Milit.
1137 4052 1194 4101 ιιι.
1208 4036 1240 4101 9.
1256 4039 1290 4099 et
1305 4035 1361 4101 15.
1447 4065 1451 4070 ·

596 4225 607 4250 ·
624 4220 652 4269 L.
665 4234 720 4284 pru.
849 4221 860 4254 i
877 4221 1042 4287 hiatigatir.
