3152 4950
285 339 350 408 230
636 350 798 400 urorros
821 349 1028 400 ouuruusrs

287 495 481 580 Eurypylus
493 493 629 559 obvium
640 493 725 558 forte
734 498 854 558 naebrs
870 488 1075 569 Poueleum,k
1089 491 1260 573 proturbat
1275 491 1388 569 basta,

288 607 392 680 atque
420 594 602 660 interficite
657 593 742 658 Inde
767 594 874 658 multo
900 593 1024 656 saerior
1049 587 1173 656 Nirea¹
1194 610 1386 673 aggressus,

176 731 181 740 ·
286 719 367 764 mox
384 699 570 762 obtruncat.
611 695 757 778 Jamque
776 695 959 758 deturbatis
981 694 1040 775 qni
1063 693 1098 756 io
1122 690 1195 756 acie
1218 697 1387 770 steterant,

287 799 423 864 medios
436 795 699 878 aggrediebatur:
715 815 790 860 oum
807 795 1054 877 Neoptolemus
1068 813 1105 858 re
1120 794 1267 874 cognita,
1282 794 1387 857 comi*

286 918 351 964 nus
366 898 514 973 aduolat,
535 895 767 978 dejectumque
781 915 876 960 curru
890 895 1054 970 bostem,¹‘¹
1077 899 1111 958 et
1125 895 1201 975 ipse
1215 893 1387 970 desiliens,

286 1001 446 1083 impigre³
467 997 577 1082 gladio
592 997 759 1062 interficit.
803 997 890 1060 Tum
904 997 1054 1060 ablatum
1070 1001 1212 1078 propere
1226 994 1386 1072 cadaver,

288 1107 388 1183 atque
405 1099 449 1164 ad
461 1117 563 1162 naves
581 1097 706 1180 jussus
726 1098 799 1180 ejus
822 1097 998 1179 perlatum.
1042 1095 1145 1173 Quod
1166 1096 1222 1160 ubi
1237 1096 1387 1160 animad-

287 1208 416 1266 vertere
431 1199 575 1274 barbari,
586 1199 709 1280 quibus
724 1216 805 1281 spes
820 1199 933 1261 omnis.
942 1198 976 1260 in
994 1197 1166 1280 Eurypylo
1181 1197 1301 1274 luerat,
1313 1197 1387 1276 sine

288 1308 379 1365 certo
402 1299 518 1362 ordine
544 1305 601 1362 aut
627 1305 764 1375 rectore,
792 1297 870 1378 iuga
898 1298 1052 1380 praelinm
1083 1299 1252 1374 deserunt,
1284 1305 1387 1380 atque

289 1401 332 1463 a'd
355 1419 470 1463 muros
484 1399 656 1464 revolant:
686 1407 757 1462 turn
772 1399 908 1482 plurimi
923 1418 1036 1462 eornm
1057 1396 1093 1462 in
1108 1399 1189 1481 fuga
1210 1399 1385 1462 interfecti.

288 1497 370 1582 [18.]
383 1498 488 1581 Igitur
496 1506 674 1580 postquam
682 1498 769 1562 fusis
779 1499 931 1562 hostibus
943 1498 984 1562 ad
996 1517 1100 1564 naves
1115 1506 1281 1564 revertere
1291 1498 1387 1564 Grae-

289 1600 334 1674 ei,
348 1618 393 1662 ex
409 1599 542 1662 consilii
558 1599 733 1675 sententia,
746 1599 906 1681 Eurypyli
922 1600 1068 1664 cremata
1080 1619 1172 1675 ossa,
1188 1606 1291 1682 atque
1304 1619 1386 1688 urna

289 1699 436 1774 condita,
456 1699 544 1780 patri
559 1700 742 1776 remittunt,
759 1689 891 1763 scilicet
904 1719 1069 1764 memores
1081 1699 1320 1764 beneficiorum
1334 1707 1386 1765 at·

289 1819 353 1882 que
367 1800 537 1865 amicitiae.
569 1799 718 1864 Cremuti
733 1802 835 1864 etiam
849 1820 912 1882 per
926 1821 1006 1864 suos
1022 1801 1147 1865 Nireus
1162 1808 1265 1883 atque
1281 1800 1387 1866 Pane.

288 1901 374 1976 lens,
397 1919 548 1964 seorsum
569 1901 703 1982 singuli.
746 1899 796 1964 At
818 1907 956 1983 postero
978 1903 1033 1966 die
1055 1921 1116 1986 per
1135 1900 1286 1984 Chrysen
1307 1921 1386 1984 cog·

289 2001 450 2076 noscitur,
475 1999 646 2064 Helenum
673 2001 826 2077 Priami,¹¹
847 2001 1030 2085 fugientem
1055 2004 1168 2068 scelus
1189 2001 1386 2081 Alexandri,

290 2100 384 2182 apud
398 2121 435 2164 se
451 2102 485 2164 in
499 2101 626 2184 templo
639 2121 755 2184 agere:
776 2122 921 2185 moxque
936 2105 979 2166 ob
994 2104 1031 2168 id
1046 2105 1158 2168 missis
1174 2103 1340 2172 Diomede
1353 2108 1387 2167 et

290 2199 428 2284 Ulysse,
451 2200 590 2266 tradidit
613 2221 698 2277 sese,
726 2202 928 2284 deprecatus
956 2205 1063 2287 prinu,
1085 2206 1136 2269 uti
1162 2205 1229 2268 sibi
1254 2211 1386 2286 partem

741 2397 928 2420 ΟΜΜΝΝΟ

290 2528 306 2574 2
324 2525 420 2588 Delpb.
432 2525 614 2585 interserit-³
631 2527 769 2607 Ornl‘ttitur
779 2543 829 2579 vox
839 2529 941 2592 impigre
952 2531 978 2580 in
989 2531 1133 2594 velpa-t
1151 2531 1247 2594 Delpb.
1258 2531 1384 2592 iussos.-

772 2734 774 2738 ,
788 2707 894 2758 NOTAE

324 2828 820 2893 trattam1t1tppuremtsrturn.ue
860 2839 938 2898 capto
948 2839 976 2883 et
987 2831 1108 2893 retento,’
1119 2834 1169 2882 dre.
1189 2832 1286 2882 Verum
1298 2833 1386 2886 Conon
1436 2877 1439 2885 .

292 2904 365 2954 eoin
377 2905 513 2967 Cstalogo.
540 2905 590 2954 Sed
602 2905 732 2956 Homerus
742 2907 821 2955 iuter·
861 2911 936 2960 aliter
947 2909 1042 2972 paulo;
1059 2909 1097 2957 ita
1115 2906 1205 2957 scribit
1222 2910 1290 2958 enirn
1301 2924 1387 2960 narru-

293 2981 390 3032 t‘eotum
403 2995 454 3029 non
466 2979 556 3030 refert.
861 2985 932 3033 tione
944 2988 983 3034 st.
995 2985 1002 3011 ‘
1012 2983 1108 3031 Paride
1120 2990 1221 3032 mortno
1233 2985 1349 3034 Helenus
1361 2994 1388 3036 et

322 3056 332 3091 ¹
348 3057 437 3120 Nirea]
455 3056 533 3105 Hunc
549 3055 583 3105 ab
600 3057 681 3106 AEnea
698 3056 819 3108 interior·
860 3057 1010 3120 Deiphobus
1018 3057 1117 3106 *Priami
1129 3057 1174 3106 lilii
1187 3072 1266 3120 snper
1277 3059 1387 3111 Helene

293 3141 347 3182 tum
359 3130 483 3180 describit
495 3132 598 3187 Dares,
861 3132 957 3194 nuptiis
980 3130 1179 3189 contenderunt,
1203 3133 1317 3198 vicitque
1340 3151 1387 3200 per

325 3215 343 3240 Ν
360 3207 613 3268 ῡεῄεεεαηιᾳιωσιιπν
623 3206 724 3270 bostem]
741 3209 822 3272 Eury·
860 3209 910 3258 uim
922 3218 950 3258 et
969 3209 1114 3272 potentium
1132 3224 1207 3270 opem
1228 3211 1388 3276 Deiphobus,

293 3283 413 3346 pyliouor
425 3280 526 3344 Pyrrlro
535 3287 667 3332 certamen
676 3281 732 3332 tuse
741 3284 822 3335 Quiu-
861 3292 941 3335 aetate
952 3285 1014 3334 licet
1025 3286 1116 3333 minor.
1140 3284 1256 3333 Helenus
1267 3301 1340 3351 ergo,
1350 3291 1388 3338 tn.

292 3366 336 3409 tos
348 3357 469 3420 Calaber,
481 3370 519 3406 vr.
858 3360 934 3422 juriae
954 3359 1100 3422 impatiens,
1123 3359 1149 3406 iu
1169 3358 1244 3407 Idam
1262 3363 1387 3412 secedens

325 3441 338 3467 ¹¹
355 3433 474 3484 Helenum
483 3431 591 3494 Priami]
614 3432 721 3482 Tuetzes
732 3434 759 3482 in
770 3435 821 3498 Ly·
859 3437 940 3484 otium
951 3435 1015 3498 egit,
1026 3435 1080 3495 ubi,
1090 3435 1235 3486 Caletrantis
1246 3449 1333 3493 suasu,
1345 3442 1389 3502 qui

293 3511 384 3574 eopbr.
400 3507 497 3558 Ἑλένου
516 3508 542 3558 δὲ
557 3510 601 3558 τοῦ
617 3509 723 3573 mv
739 3511 822 3565 surdis
860 3510 965 3574 Trojam
977 3509 1130 3560 obsidebant
1143 3509 1230 3558 Graeei
1242 3523 1274 3558 ex
1288 3511 1387 3563 insidiis

293 3579 398 3648 pirrus
406 3587 485 3642 dms,
496 3584 635 3646 rrltptmu
643 3588 821 3648 αὐτομολήσαν-
860 3601 917 3635 euru
927 3586 1045 3650 eupiunt.
1066 3585 1117 3634 ille
1127 3586 1222 3648 purtim
1234 3587 1317 3650 minis,
1329 3605 1388 3653 pur·

293 3679 335 3710 ror
345 3659 514 3716 rotr'saanra,
529 3659 590 3710 καθά
603 3671 675 3723 φησιν
685 3663 783 3726 Ὀρφεύς
792 3681 821 3712 τε
862 3662 907 3711 tim
917 3662 984 3718 dolis
992 3662 1033 3710 vel
1043 3661 1128 3724 polius
1137 3661 1197 3710 odio
1205 3661 1304 3726 Trojae,
1315 3665 1388 3714 Grae·

294 3737 333 3786 rel
349 3735 516 3799 Τρυφιόδωρος,
526 3735 551 3794 ἡ,
566 3737 597 3786 ὥς
613 3746 671 3799 φησι
687 3743 820 3800 Σοφοκλῆς,
861 3737 897 3785 cis
915 3736 1040 3785 indicauit
1056 3735 1142 3798 ligneo
1154 3749 1220 3799 equo
1231 3737 1334 3800 Trojenr
1346 3755 1387 3790 es·

295 3809 473 3874 ἐνεδρευθέντος,
482 3809 521 3860 nel
531 3811 720 3872 κατασχεθέντος
731 3815 768 3862 ὑπ’
779 3817 819 3865 ὀι
859 3811 1048 3877 piendamd'ato
1060 3826 1118 3861 esse
1130 3811 1301 3875 designatum.
1336 3817 1388 3866 lm-

295 3884 402 3937 δυσαέος.
427 3889 435 3914 ‘
448 3887 549 3935 Heleno
561 3893 646 3936 autem
658 3889 756 3938 Priami
767 3891 821 3941 filio
860 3902 902 3936 mo
914 3896 941 3936 et
951 3887 1014 3936 illud
1026 3886 1147 3950 denique,
1165 3900 1223 3934 euru
1234 3887 1328 3938 Achivi
1347 3905 1389 3940 re·

250 3999 256 4006 .
294 3973 355 4012 vste
376 3963 504 4011 existente
525 3963 579 4011 solo
606 3963 647 4011 vel
674 3971 766 4026 sponte
788 3967 820 4014 ad
860 3961 1250 4026 pis'sentcoelndelapsnmillod
1262 3963 1388 4016 Mineru

296 4031 405 4088 Graecos
424 4036 599 4100 confugiente,
618 4043 647 4086 nt
664 4036 754 4087 dicunt
770 4039 821 4090 Or·
861 4037 1093 4103 Palladium,quod
1104 4038 1263 4086 intermoltr
1274 4042 1388 4090 erasmi·

297 4113 377 4176 pireus
396 4123 424 4162 et
444 4111 648 4176 'l'rypbiodorus‚
666 4114 716 4178 vel,
732 4121 764 4164 nt
783 4115 821 4165 ait
860 4114 974 4165 nimum!
1004 4112 1387 4181 omn-ndeaupriprop

295 4187 444 4251 Sophocles,
471 4189 504 4236 ab
532 4186 625 4250 Ulysse
647 4204 695 4253 per
716 4191 821 4242 insidias
859 4201 902 4242 ter
913 4190 1015 4242 nimiast
1026 4189 1212 4255 prolixitatem.
