3136 4948
305 357 328 419 6
715 373 767 419 so
792 373 1003 420 nncronnrr.

306 514 425 597 Dictys
443 531 522 576 vero
535 511 732 577 decennium
747 517 875 576 tantum
891 514 998 594 ponit,
1015 531 1132 594 nempe
1154 533 1272 578 novem
1295 535 1399 600 expe-

305 613 432 690 ditioni,
447 613 610 678 decimum
625 612 729 679 hello.
782 612 933 694 Tragieis
946 613 1046 676 etiam
1068 614 1246 696 aliquando
1262 615 1398 694 insistit,

305 731 445 794 quorum
461 713 609 776 omnium
623 713 820 776 illustriores
835 713 966 776 fabulas
983 713 1125 794 attingit,
1137 733 1203 777 ase
1218 716 1398 800 interpola-

305 821 360 877 tas
376 815 568 896 plerumque
585 821 619 876 et
634 813 816 895 expolitas.
860 811 991 876 Graves
1013 813 1192 878 conciones
1207 815 1348 892 addidit,
1363 825 1398 882 et

305 915 373 978 alia
398 915 544 978 historiae
567 918 762 978 ornamenta
785 911 1006 977 lucidissima.
1049 913 1133 996 Ejus
1145 914 1293 978 elocutio
1309 916 1398 980 lutu-

303 1014 392 1078 lenta
418 1002 623 1096 plerumque,
649 1019 688 1075 ut
713 1011 788 1093 ejus
812 1012 929 1075 saeculi
953 1031 1021 1094 quo
1052 1014 1199 1096 scripsit,
1225 1014 1284 1078 sed
1310 1015 1396 1080 unde

303 1120 414 1177 tamen
426 1112 553 1197 aliquid
565 1112 676 1189 tollas,
692 1113 815 1194 quippe
832 1131 909 1193 qnae
924 1113 1181 1194 elegantissimis
1195 1116 1396 1197 optimorum

303 1213 503 1298 scriptorum
537 1211 687 1276 flosculis
718 1210 878 1275 distincta
917 1211 970 1272 sit.
1029 1211 1115 1276 Post
1144 1211 1396 1278 Constantinum

304 1314 464 1395 Magnum
480 1313 659 1395 scripsisse
677 1317 776 1393 putat
790 1309 951 1388 Vossius,
968 1318 1005 1374 at
1023 1311 1047 1376 J
1049 1332 1099 1375 os.
1114 1311 1287 1377 Mercerus
1310 1315 1396 1378 veri·

304 1415 448 1479 similius
459 1415 568 1497 ipsius
578 1412 791 1476 Constantini
806 1417 917 1487 aetate,
927 1431 971 1476 ex
987 1412 1142 1494 Epistola
1157 1432 1235 1495 quar
1246 1411 1393 1480 Arcadio
1481 1429 1489 1440 ·

304 1515 443 1593 Consuli
459 1515 571 1578 dicata
584 1512 696 1576 libello
705 1511 930 1594 praepeditum
945 1529 1022 1575 eum
1033 1512 1118 1576 enim
1129 1511 1313 1578 Arcadium
1329 1515 1394 1580 sub

303 1618 381 1700 ipso
394 1614 612 1680 Constantini
625 1613 742 1694 Magni
750 1613 889 1694 imperio
901 1614 1115 1678 consulatum
1124 1614 1270 1695 gessisse
1279 1623 1394 1682 notum

303 1724 367 1780 est.
412 1716 533 1798 Dictys
552 1714 720 1779 Cretensis
746 1733 865 1778 nomen
890 1715 1023 1792 ascivit,
1037 1716 1116 1798 quia
1141 1722 1277 1780 noverat
1292 1716 1394 1782 luisse

303 1817 383 1880 olim
402 1817 534 1899 Dictym
549 1813 752 1890 Cretensem,
770 1815 940 1880 Idomenei
955 1816 1123 1894 comitem,
1136 1815 1274 1900 eumque
1288 1817 1393 1882 literis

302 1917 479 1982 mandasse
494 1936 572 1998 quae
585 1923 620 1978 et
633 1916 708 1998 ipse
722 1917 864 1993 viderat,
887 1925 922 1982 et
942 1936 1085 2000 quorum·
1098 1919 1199 1982 etiam
1223 1937 1302 2000 pars
1322 1918 1393 1982 fue·

301 2023 362 2082 rat.
408 2016 521 2099 Hujus
551 2035 673 2080 nomen
699 2019 855 2082 mentitus
877 2024 927 2082 est
951 2020 1029 2083 item
1054 2019 1140 2082 alius
1166 2017 1308 2100 scriptor
1333 2019 1393 2100 qui

303 2116 440 2180 eandem
467 2116 641 2180 historiam
666 2115 785 2180 Graece
808 2118 928 2194 texuit,
950 2124 988 2182 ut
1014 2126 1067 2182 est
1084 2118 1174 2198 apud
1198 2116 1339 2182 Suidam
1358 2124 1393 2181 et

300 2217 468 2282 Tzetzenr.
493 2217 565 2281 ‘De
592 2235 671 2280 vero
696 2216 800 2298 Dicty
824 2217 897 2280 vide
924 2235 1002 2299 quae
1030 2216 1117 2280 infra
1140 2236 1184 2280 ex
1198 2215 1327 2281 Vossio
1350 2217 1392 2280 de

300 2318 471 2382 historicis
489 2317 630 2381 Graecis.
675 2317 727 2381 De
740 2337 816 2382 meo
842 2323 952 2383 eutem
976 2319 1081 2384 hocce
1101 2319 1214 2383 labore
1237 2317 1319 2382 nihil
1338 2323 1391 2380 est

301 2419 392 2500 quod
408 2419 495 2499 apud
519 2426 554 2481 te
579 2437 687 2497 agam,
700 2417 830 2493 Lector,
846 2437 921 2482 cum
942 2419 984 2482 de
1007 2425 1079 2483 tota
1102 2419 1206 2483 hacce
1222 2437 1389 2484 commen-

300 2518 393 2580 tandi
407 2519 537 2581 ratione
552 2515 626 2598 Jam
639 2516 769 2578 abunde
783 2517 903 2595 egerim
920 2516 1009 2596 apud
1027 2515 1174 2591 Florum,
1199 2536 1266 2597 quo
1287 2517 1390 2580 liben-

300 2627 353 2680 ter
365 2624 398 2679 te
411 2617 555 2688 remitto,
570 2632 610 2676 ne
620 2614 675 2676 hic
687 2631 728 2676 ea
741 2612 860 2692 frigide
874 2613 988 2676 videar
1001 2622 1161 2694 repetere,
1177 2615 1257 2678 utin
1271 2616 1389 2681 laudes

302 2718 364 2780 viri
385 2714 607 2780 Illustrissimi
622 2717 656 2776 et
681 2713 931 2794 Sapientissimi
947 2713 1169 2777 Montauzerii
1186 2715 1308 2793 Ducis,
1317 2717 1389 2793 ,Su-

303 2833 501 2881 anurssrrrr
520 2815 713 2905 Ducuntur
739 2813 973 2889 Moderatoris,
988 2832 1175 2888 excurram,
1189 2815 1249 2897 qui
1264 2817 1388 2880 virtute

301 2937 364 2982 sua
374 2937 478 2999 supra
488 2915 606 2979 laudes
621 2932 735 2977 omnes
745 2920 882 2978 evectus
895 2921 957 2979 est.
1003 2913 1048 2978 Et
1063 2934 1104 2978 ne
1119 2915 1219 2979 etiam
1235 2917 1276 2980 de
1288 2916 1391 2980 Illus-·

299 3019 444 3082 trissimo
470 3023 503 3080 et
531 3014 826 3079 Reverendissimo
849 3015 920 3080 viro
944 3014 1182 3081 Condonriensi
1205 3015 1387 3100 Episcopo,

299 3119 547 3182 Sunnnrssrnr
565 3114 758 3178 Duarurur
776 3114 999 3197 Praeceptore,
1019 3123 1055 3180 et
1069 3114 1146 3178 fidei
1162 3115 1326 3182 Romanae
1337 3119 1386 3182 in-

300 3216 531 3300 geniosissimo
554 3215 695 3291 vindice,
717 3215 772 3280 hic
792 3215 918 3298 aliquid
940 3217 1190 3300 loquendoque
1206 3218 1386 3299 perillustri

300 3326 335 3382 et
351 3316 527 3381 admodum
551 3313 595 3378 R.
611 3315 654 3378 D.
671 3314 799 3379 Huetio
815 3314 949 3382 Abbate
964 3316 1146 3392 Alnetensi,
1160 3317 1192 3380 in
1207 3319 1385 3382 earundem

299 3436 449 3483 curarum
465 3421 592 3499 partem
615 3415 735 3492 accito,
759 3425 795 3480 et
815 3418 981 3499 religionis
997 3416 1197 3481 Christianae
1219 3426 1384 3482 assertore

299 3518 472 3592 acerrimo,
482 3534 573 3598 quos
590 3535 705 3581 omnes
719 3515 878 3582 divinitus
894 3537 956 3582 sua
966 3516 1177 3580 manet‘lans.
1221 3517 1287 3580 Sed
1301 3517 1384 3585 illud

299 3621 426 3681 tantum
445 3621 478 3678 te
492 3616 584 3691 volo,
601 3615 731 3692 Lector,
747 3622 784 3680 ut
804 3637 880 3699 quae
896 3619 928 3681 in
954 3615 1153 3699 perlegendo
1175 3634 1277 3698 opere
1295 3635 1318 3678 a
1331 3637 1382 3682 me

298 3724 442 3800 peccata
470 3714 705 3796 deprehendes,
724 3735 764 3780 ea
789 3717 955 3798 ignoscas,
978 3735 1085 3800 eoque
1108 3716 1276 3780 lubentius
1291 3718 1383 3800 quod

298 3835 398 3880 nemo
412 3815 467 3878 hic
482 3815 559 3878 mihi
579 3815 687 3878 facem
703 3816 837 3892 alluxit,
853 3837 928 3901 quae
943 3819 1050 3900 prima
1063 3817 1260 3881 historicum
1280 3816 1382 3882 istum

298 3915 543 3981 commentariis
558 3915 722 3982 illustrare
737 3937 892 4000 aggressa
909 3937 994 3983 sum.
1030 3916 1127 3981 Vale.
